3175 4984
765 301 1006 369 -ὸ<34>4-

386 496 593 580 passerculos,
618 492 713 556 Asin.
740 493 823 560 666:
855 493 918 558 Dio
941 496 1043 580 igitur
1066 516 1118 558 me
1142 494 1378 580 passerculum,
1402 497 1477 580 gal·

297 598 410 682 linam,
428 602 645 681 coturnicem,
669 598 749 669 ibid.
764 600 846 667 694:
872 599 1035 688 (Diome)
1052 601 1286 687 passerculum,
1310 602 1476 689 putillum,

383 710 559 793 pisciculus,
585 706 660 776 Ter.
685 706 786 772 Andr.
812 708 892 773 369:
928 706 1052 771 Holera
1077 713 1110 771 et
1133 708 1308 793 pisciculos
1331 713 1476 775 minutos

299 812 381 876 serre
407 813 501 877 obolo
526 816 560 876 in
585 834 699 878 cenam
723 815 805 882 seni.

384 924 559 1006 pittacium,
583 918 727 1007 πίθηκος,
753 920 813 983 Mil
836 921 915 986 989:
940 920 1112 990 Bellulast.
1133 958 1171 968 —
1191 920 1375 986 Pithecium
1393 922 1476 987 haec

300 1032 349 1092 est
373 1048 451 1111 prae
474 1026 533 1091 illa
548 1033 581 1090 et
598 1028 860 1113 spinturnicium.
899 1028 979 1091 Pius
994 1051 1052 1113 pro
1070 1028 1259 1113 phitecium‚
1283 1028 1471 1114 phiterium,

300 1153 386 1216 quae
416 1134 576 1218 praebent
605 1132 705 1197 rerba
735 1133 821 1215 libri,
858 1135 927 1197 iure
956 1136 1106 1198 restituit
1133 1134 1323 1219 pithecium.
1363 1134 1477 1199 Etiam

300 1242 332 1301 in
358 1238 557 1303 Truculento
582 1260 738 1325 personae
763 1260 880 1303 nornen
906 1244 958 1303 est
980 1239 1141 1309 Pithecio.

383 1345 546 1432 porcellus,
570 1346 657 1416 Men.
682 1348 763 1412 314:
788 1346 923 1426 Jubeas,
952 1348 979 1411 si
1004 1348 1125 1432 sapias,
1157 1349 1325 1433 porculum
1351 1347 1477 1413 adferri

302 1451 375 1516 tibi.
422 1451 509 1523 Rud,
535 1454 637 1517 1170:
662 1453 748 1526 Quin
775 1459 811 1517 tu
834 1456 847 1516 i
871 1452 1016 1518 diereota
1039 1475 1113 1517 cnm
1129 1453 1245 1518 sucula
1262 1460 1296 1517 et
1312 1476 1385 1519 cum
1402 1478 1476 1541 por·

301 1558 396 1627 culis.
433 1558 478 1622 Et
501 1559 650 1623 feminini
673 1581 782 1645 porca,
808 1560 944 1645 porcula
967 1566 1079 1624 exstat
1102 1559 1284 1624 deminutio
1309 1561 1432 1625 alterat

387 1669 532 1752 porcello,
559 1665 629 1735 Mil.
648 1666 751 1733 1060:
775 1671 845 1730 Non
870 1666 923 1730 hic
948 1688 1005 1731 suo
1031 1668 1167 1732 ceminio
1192 1687 1387 1750 quemquam
1414 1670 1477 1731 im·

300 1774 508 1858 pertiturnst.
564 1772 698 1837 Reinius
732 1772 794 1837 hoc
827 1774 899 1837 loco
933 1780 1084 1858 corrupto
1117 1774 1297 1858 porcellum
1329 1778 1479 1839 tentavit

303 1900 359 1964 pro
384 1879 559 1964 proculem,
584 1878 785 1964 proculeum,
811 1879 1000 1965 porculeum
1016 1901 1098 1963 quas
1114 1878 1193 1943 libri
1210 1878 1350 1945 offerunt
1363 1901 1476 1950 voces.

301 1984 409 2070 Magis
432 1990 544 2049 tamen
568 1985 648 2047 mihi
672 1988 862 2050 coniectura
881 1986 1001 2071 Buggii
1027 1986 1094 2072 (op.
1116 1984 1158 2050 ad
1180 1985 1327 2071 Madvig.
1348 2011 1380 2073 p,
1399 1985 1478 2073 168)

303 2090 435 2171 arridet,
470 2093 525 2174 qui
548 2090 738 2177 porculeum
763 2091 891 2161 scribit.
916 2128 956 2138 —
981 2091 1026 2155 Et
1049 2092 1124 2161 Ael.
1148 2089 1356 2178 Lampridius
1379 2093 1477 2157 Alex.

303 2197 415 2268 Seuer.
440 2201 575 2262 forrnam
601 2197 800 2283 porcellulns
823 2198 973 2285 praebet.

385 2309 501 2392 pullus,
519 2306 612 2375 Asin.
629 2305 713 2371 209:
737 2305 805 2371 Ubi
822 2304 899 2389 quid
916 2304 1071 2370 dederam
1088 2307 1183 2389 quasi
1200 2306 1371 2370 columbae
1393 2303 1476 2390 pulli

303 2414 335 2474 in
360 2434 416 2475 ore
440 2411 558 2475 ambae
582 2434 653 2475 meo
678 2412 788 2496 Usque
813 2413 924 2477 eratis.
965 2410 1059 2497 capt.
1085 2412 1169 2476 849:
1193 2410 1328 2482 Juben.
1350 2464 1358 2482 .
1382 2432 1475 2498 prae·
1552 2439 1554 2474 :

303 2521 461 2583 stinctum
486 2518 576 2581 abire
601 2570 610 2588 ,
634 2570 643 2588 .
668 2570 710 2588 .,
743 2518 845 2582 alium
877 2517 984 2604 pullos
1009 2517 1222 2603 gallinaceos.
1269 2518 1364 2589 (lure.
1389 2518 1475 2585 450:

305 2624 456 2689 Conclusi
486 2632 523 2689 ut
555 2624 638 2710 pulli
660 2624 848 2711 gallinacei.
895 2624 993 2689 Poen.
1021 2624 1121 2690 1293:
1152 2624 1238 2687 male
1269 2646 1329 2707 ego
1362 2631 1476 2688 metuo
1552 2653 1553 2656 ¹

303 2732 431 2813 milvos,
454 2731 543 2796 Mala
567 2730 625 2795 illa
648 2730 807 2795 bestiast:
833 2753 873 2794 ne
889 2732 974 2795 forte
998 2753 1051 2795 mo
1067 2732 1206 2813 auferat,
1230 2729 1353 2816 pullum
1373 2738 1474 2795 tuom.
1552 2773 1554 2787 .

393 2839 521 2925 copiola,
538 2837 632 2924 Oapt.
646 2837 726 2903 850:
745 2836 913 2923 Sepiolam
929 2842 1027 2921 atque
1049 2836 1296 2923 ophthalmiam,
1320 2856 1384 2920 quo
1401 2836 1475 2901 loco

303 2967 360 3031 pro
385 2967 531 3031 pernam,
555 2944 643 3029 quod
658 2943 817 3030 praebent
831 2944 919 3028 libri,
943 2943 1127 3009 Sehoellius
1144 2943 1305 3029 sepiolam
1322 2944 1476 3012 coniecit.
1552 2931 1554 2946 '

305 3050 379 3118 Cas.
404 3051 469 3115 493
494 3050 604 3137 (quem
628 3050 736 3115 locum
760 3074 786 3121 s.
804 3074 832 3115 v.
849 3050 1052 3135 loliguncnla
1076 3050 1203 3134 attuli).

394 3161 509 3241 mesu,
532 3157 620 3227 Rud.
647 3157 742 3227 1170.
767 3157 859 3243 (ride
883 3180 910 3226 s.
934 3181 964 3221 v.
988 3154 1167 3243 porculus).

393 3267 518 3348 citellus,
542 3266 635 3334 Asin.
660 3265 736 3333 667.
765 3263 874 3351 (quem
896 3265 1005 3329 locum
1028 3287 1054 3333 s.
1076 3286 1107 3331 v.
1131 3260 1279 3346 agnellus
1303 3256 1430 3346 attuli).

395 3368 521 3435 Comici
547 3370 662 3435 Latini
689 3377 859 3457 praeterea
891 3371 973 3435 haec
1014 3368 1174 3433 afferunt:
1208 3366 1350 3431 catellae
1380 3365 1477 3432 anc.

305 3476 390 3547 Stat.
423 3477 503 3561 1893
540 3476 735 3542 cerebellum
766 3478 869 3547 Titin.
898 3478 957 3561 903
991 3476 1072 3541 hilla
1101 3475 1220 3544 Laber.
1253 3476 1332 3553 1453
1371 3472 1480 3536 hirulu

305 3582 425 3648 Labor.
449 3585 508 3666 233
532 3584 667 3650 volucla
690 3584 794 3655 Naer.
819 3585 874 3655 23.

396 3690 518 3755 Graeci
533 3690 633 3756 haec:
658 3690 793 3773 αἰγίδων
816 3691 999 3777 Antiphon.
1016 3691 1075 3770 203
1099 3686 1322 3772 ἀλεκτρυόνιον
1337 3683 1480 3769 Ephipp.

309 3798 365 3883 15;
391 3794 566 3861 ἀλωπέκιον
588 3798 804 3867 Mnesimach.
826 3799 862 3882 43
891 3795 1002 3884 ἄρνιον
1024 3795 1144 3861 Enbnl.
1172 3793 1253 3871 1503
1275 3788 1398 3876 βοίδιον
1422 3791 1479 3853 Ar·

306 3904 390 3974 Ach.
417 3904 522 3988 1036,
558 3904 736 3986 γλαυκίδιον
766 3904 949 3991 Antiphon.
978 3904 1062 3984 2223
1099 3897 1308 3983 γλαυκινίδιον
1341 3896 1480 3983 Amphis
1552 3915 1554 3995 t

306 4012 365 4093 353
402 4009 582 4091 γλαυκίσκος
614 4012 721 4077 Baton
746 4014 784 4095 53
821 4008 988 4096 δελφάκιον
1010 4006 1131 4073 Eubul.
1157 4007 1196 4089 λς
1232 4003 1392 4093 ἐγχέλειον
1415 4004 1481 4067 An·
1552 4033 1554 4042 ·

306 4116 432 4203 tiphan.
456 4117 500 4182 43
531 4119 612 4203 (nisi
640 4127 692 4182 est
715 4117 914 4183 adiectivum
940 4121 974 4181 et
996 4111 1257 4199 intellegendum
1281 4117 1332 4175 est
1354 4108 1479 4197 κρέας);

305 4220 491 4309 ἐγχελύδιον
514 4223 653 4309 Amphis
677 4224 738 4308 353
762 4220 936 4309 ἐντερίδιον
959 4221 1075 4286 Alexis
1097 4221 1157 4304 843
1181 4216 1341 4305 ζῳδάριον
1363 4215 1480 4281 Alexis
