3175 4984
688 381 908 448 4(ῧῆ-

209 577 292 643 baeu
315 577 384 642 fere
408 574 509 640 dicit:
544 573 625 638 'Pria
649 581 726 639 suut
751 593 835 659 quae
860 575 893 635 ui
925 570 1011 638 fiunt
1042 570 1281 636 deminutivam
1314 591 1387 635 esse

208 706 325 749 vocem
350 702 527 769 agnoscere
550 703 615 746 non
641 680 739 745 licet:
774 700 909 745 necesse
933 685 984 743 est
1008 677 1146 762 scilieet,
1179 680 1318 765 primum
1349 682 1388 740 ut

210 792 377 877 primitiva
401 795 499 875 stirps
522 786 697 851 nominalis
731 788 834 850 statui
867 786 919 849 vel
952 788 1021 851 erui
1053 788 1166 871 possit,
1200 782 1317 848 deinde
1349 788 1388 847 ut

209 896 409 983 significatio
431 894 585 961 vocabuli
603 892 857 957 deminutionem
871 890 1035 977 quandam
1046 892 1206 977 primitivi
1217 890 1387 976 praebeat,

210 1002 355 1088 denique
380 1008 416 1066 ut
441 1000 556 1065 suffixa
571 1036 615 1049 -
632 1003 658 1066 lo
674 1038 717 1049 -
735 1022 770 1067 oo
785 1036 829 1048 -
844 998 900 1063 vel
924 1021 1036 1063 eorum
1061 1000 1243 1083 composita
1263 1001 1387 1063 extent.

299 1108 480 1192 Postquam
513 1106 630 1171 horum
659 1105 827 1170 hominum
856 1103 1026 1169 doctorum
1058 1128 1120 1169 nou
1143 1109 1248 1169 totam
1273 1101 1387 1169 adum·

210 1214 308 1281 bravi
331 1216 653 1295 commentationem,
679 1211 737 1277 sed
762 1234 873 1277 eorum
897 1211 1014 1293 solum,
1044 1231 1127 1295 quae
1150 1214 1287 1295 quisque
1312 1211 1388 1273 novi

212 1320 393 1402 attulisset,
429 1322 631 1386 mentionem
659 1321 735 1402 feci,
770 1325 877 1384 restat
903 1326 941 1384 ut
964 1317 1005 1382 de
1029 1322 1062 1383 vi
1084 1320 1252 1405 primitiva
1286 1315 1388 1380 demi·

212 1430 410 1508 nutivorum,
434 1426 563 1511 qualem
579 1432 698 1513 putent
713 1446 785 1491 esse
797 1424 993 1491 Schwabius
1009 1431 1044 1490 et
1058 1424 1250 1507 Muellerus,
1273 1423 1388 1509 paucis

212 1557 319 1621 agam.
366 1535 476 1620 Atque
508 1533 564 1598 ille
598 1533 729 1618 quidem
762 1555 793 1618 p.
818 1532 848 1595 2.
873 1530 972 1596 dicit:
1000 1531 1116 1615 „Haec
1138 1532 1189 1595 vis
1212 1528 1387 1595 deminuti-

212 1664 334 1725 vornm,
360 1662 444 1726 quae
467 1643 599 1711 nomine
624 1640 742 1703 Latino
767 1638 854 1703 clare
883 1644 915 1701 et
938 1636 1094 1703 distincte
1119 1638 1313 1723 exprimitur
1337 1635 1389 1722 (ut

211 1747 340 1812 scilicet
364 1745 546 1811 deminutio
572 1744 624 1809 vel
647 1765 769 1831 parvus
786 1743 930 1809 ambitus
946 1742 1173 1829 significetur),
1197 1741 1389 1829 principalis

212 1852 384 1919 tuttundo
408 1859 537 1917 ceterae
571 1874 681 1917 eorum
714 1850 972 1936 significationes
1004 1849 1154 1915 deflexae
1186 1855 1303 1933 sunt“;
1334 1850 1389 1917 hic

213 1982 289 2025 vero
313 1984 345 2047 p.
373 1960 433 2023 13:
457 1960 591 2043 „Atque
614 1957 695 2023 illud
717 1956 849 2043 quidem
865 1960 935 2044 ipse
952 1965 1060 2039 autea,
1085 1978 1185 2041 quum
1199 1959 1388 2023 inveterato

211 2068 357 2132 omnium
382 2086 490 2131 errore
513 2087 688 2152 premerer,
713 2065 858 2130 abiicere
885 2087 948 2130 nou
965 2065 1119 2145 sustinui,
1143 2084 1240 2146 nunc,
1264 2066 1389 2150 reipsa
1488 2100 1491 2106 ·

212 2175 331 2239 ductus
367 2193 540 2257 meumque
574 2170 732 2237 iudicium
765 2182 908 2252 secutus,
942 2191 1042 2254 quam
1071 2174 1256 2257 proximam
1290 2170 1389 2235 attuli

212 2282 413 2345 sententiam
445 2278 585 2365 probare
620 2300 671 2343 me
703 2275 889 2344 confiteor.
915 2324 923 2341 .
949 2324 989 2341 ..
1025 2277 1122 2341 Nunc
1153 2286 1307 2342 naturam
1338 2280 1388 2341 rei

211 2408 393 2474 proponere
416 2384 497 2450 mihi
520 2383 633 2450 videor
657 2405 717 2448 usu
742 2384 918 2469 cognitam,
943 2404 1006 2445 non
1032 2384 1176 2469 speciem
1199 2385 1388 2448 coniectura

212 2495 335 2576 nixam,
360 2513 459 2575 quum
482 2490 687 2557 deminutiva
718 2488 760 2555 ad
792 2491 995 2577 parvitatem
1026 2486 1275 2576 significandam
1308 2495 1389 2555 nata

212 2621 285 2665 esse
318 2600 449 2662 omnino
485 2620 579 2683 nego.
626 2596 713 2662 Nam
748 2598 805 2681 qui
839 2602 991 2660 accurate
1028 2595 1289 2662 consideraverit
1322 2598 1388 2660 vim

214 2704 502 2788 deminutivorum,
526 2706 656 2792 proprie
679 2726 719 2770 ac
742 2706 895 2790 primitus
913 2726 977 2768 non
993 2703 1100 2768 solum
1116 2705 1205 2768 vocis
1221 2704 1388 2768 notionem

212 2814 254 2876 iis
283 2812 449 2898 perhiberi
477 2810 728 2893 animadvertet,
761 2809 820 2875 sed
854 2809 1014 2874 etiamid
1039 2809 1125 2893 quod
1148 2812 1183 2873 in
1207 2811 1317 2875 animo
1342 2810 1388 2876 lo·

213 2920 344 3003 quentis
367 2917 532 2983 obiectum
557 2920 778 3003 impresserit:
805 2918 918 3001 igitur,
951 2921 989 2981 ut
1019 2918 1069 2980 ita
1101 2914 1220 2998 dicam,
1253 2916 1388 3003 impres·

212 3027 322 3088 aiones
353 3022 512 3107 quasdam
544 3028 658 3087 notare
692 3024 860 3108 proprium
896 3028 948 3086 est
982 3021 1108 3086 formae
1132 3020 1387 3095 deminutivae“.

213 3130 421 3214 Quamquam
445 3130 526 3193 mihi
548 3132 584 3193 in
608 3130 719 3194 animo
744 3152 808 3193 non
831 3136 882 3194 est
898 3131 1097 3193 sententiam
1114 3128 1174 3193 hac
1190 3128 1228 3192 de
1245 3131 1388 3213 referre,

212 3258 278 3322 qua
302 3237 407 3303 omnis
431 3239 653 3301 controversia
677 3234 859 3321 dirimatur,
883 3242 995 3301 tamen
1019 3235 1081 3300 hoo
1104 3233 1186 3300 mihi
1214 3234 1388 3302 dicendum

214 3343 355 3409 videtur.
402 3342 583 3408 Muellerus
607 3366 639 3429 p.
666 3342 717 3411 15.
740 3342 921 3425 contendit,
944 3346 973 3406 si
989 3340 1202 3408 deminutivis
1219 3343 1389 3410 vocabulis

213 3450 397 3537 appellatas
422 3472 494 3515 esse
519 3456 649 3515 constet
664 3455 794 3515 tantum
812 3471 869 3515 eas
886 3471 948 3527 ros,
973 3470 1110 3533 quarum
1128 3457 1244 3515 natura
1260 3450 1389 3516 mollior

212 3577 374 3643 apparere
399 3560 515 3642 possit,
538 3560 656 3621 mirum
681 3579 744 3622 non
769 3578 856 3639 esse,
877 3559 913 3621 in
938 3559 980 3621 iis
995 3558 1138 3642 scriptis,
1162 3558 1331 3639 inquibus
1349 3557 1389 3623 dc

212 3663 312 3728 rebus
343 3664 501 3729 eiusmodi
537 3666 668 3729 omnino
702 3686 764 3729 non
796 3670 926 3749 agatur,
960 3685 1001 3728 ne
1030 3661 1235 3728 deminutiva
1258 3662 1390 3747 quidem

213 3772 362 3835 inveniri.
411 3768 507 3846 Quod
531 3775 620 3835 recte
644 3792 679 3834 se
702 3769 825 3835 habere
841 3792 937 3856 nego,
963 3791 1048 3850 nam,
1072 3774 1112 3833 ut
1126 3791 1226 3833 unum
1241 3773 1389 3834 tantum·

213 3877 309 3943 modo
347 3876 481 3942 afferam
515 3876 711 3964 exemplum,
748 3883 782 3941 et
815 3879 850 3941 iu
874 3878 1025 3943 Lucretii
1061 3875 1101 3941 de
1136 3897 1243 3939 rerum
1271 3885 1389 3941 natura

213 3993 366 4069 poemate
402 4006 464 4049 non
497 3984 621 4049 frustra
654 4006 749 4050 voces
784 3983 1007 4050 deminutivas
1040 4004 1189 4067 quaeras.
1235 3983 1288 4046 Ita
1320 4003 1389 4047 oar-

214 4091 302 4155 mine
334 4090 380 4173 II,
413 4115 441 4155 v.
473 4091 550 4174 428,
585 4091 744 4175 angellus,
777 4090 809 4155 V
844 4090 908 4157 229
943 4089 1193 4176 crepitacillum,
1228 4088 1290 4174 VI,
1324 4090 1387 4157 651

213 4196 382 4282 parvulus,
406 4195 487 4263 ibid.
511 4198 575 4263 947
601 4198 794 4285 unguiculus
819 4203 940 4279 exstat,
963 4204 1002 4260 ut
1024 4203 1155 4262 taceam
1179 4194 1219 4259 dc
1243 4194 1389 4260 deminu-

215 4304 292 4367 tivis
310 4303 385 4387 illis,
411 4324 496 4387 quae
512 4303 688 4369 Lucretius
704 4303 763 4368 fini
778 4304 855 4369 libri
871 4306 981 4389 quarti
996 4305 1148 4385 inseruit,
1173 4308 1211 4366 ut
1226 4301 1390 4367 stultitias
