3175 4984
790 316 1030 417 «rra

411 543 541 628 teupulo,
576 542 663 609 Men.
688 543 749 607 64:
782 542 870 607 Nam
900 562 964 627 rus,
1000 547 1038 607 ut
1065 542 1139 607 ibet
1166 542 1262 626 forte,
1293 549 1331 608 ut
1353 543 1494 609 multum

321 647 461 733 pluerat,
496 649 671 735 Ingressus
701 648 837 713 fluvium
874 648 1023 735 rapidum
1056 648 1099 713 ab
1132 648 1212 714 urbe
1239 648 1328 714 haud
1351 650 1494 737 longule.

321 752 406 820 Rud.
432 756 516 823 2662
550 756 631 822 Ilico
655 755 732 820 hinc
755 756 841 819 imus
864 754 954 821 haud
976 754 1113 840 longule
1138 777 1177 819 ex
1200 755 1368 821 hocloco.
1416 756 1494 821 Ter.

322 859 442 929 Heaut.
466 862 552 929 239:
576 862 650 927 Non
677 863 805 947 cogitas
827 861 906 926 hinc
928 861 1061 945 longule
1086 861 1185 927 esse?

411 972 606 1050 orumlaum,
631 965 729 1037 anc.
752 966 839 1033 Stat.
864 970 918 1035 50.

406 1076 584 1162 paululum,
617 1074 727 1138 Aulul.
756 1075 834 1139 711:
859 1075 945 1139 Nam
969 1097 1031 1159 ego
1056 1073 1222 1140 declinavi
1247 1075 1416 1161 paululum
1440 1098 1496 1140 me

322 1188 417 1249 extra
448 1184 546 1251 viam.
593 1180 705 1250 Vidul.
735 1181 796 1265 frg.
827 1181 890 1262 ΙΙΙ,
929 1184 991 1246 155
1027 1180 1144 1263 (Wiut.
1183 1205 1213 1267 p.
1236 1180 1312 1268 54):
1353 1181 1496 1245 Multum

321 1286 460 1367 laboret,
495 1286 643 1373 paullum
676 1295 813 1369 mereat,
847 1286 991 1372 paullum
1024 1286 1103 1353 edit.
1151 1288 1225 1353 Ter.
1250 1288 1382 1356 Phorm.
1414 1289 1495 1354 702:

321 1391 471 1479 Spatium
495 1392 628 1477 quidem
651 1392 785 1457 tandem
809 1391 1006 1479 adparandie
1033 1394 1166 1480 nuptiis,
1191 1393 1352 1473 Vocandi,
1385 1415 1493 1458 sacru·

321 1497 441 1562 finandi
466 1498 599 1564 dabitur
622 1498 802 1585 paululum.

405 1606 598 1691 pausillctim
621 1610 655 1669 et
678 1606 898 1690 pauxillatim,
930 1605 1026 1690 Epid.
1050 1606 1134 1677 248:
1164 1604 1267 1692 (loepi
1301 1628 1427 1674 rursum
1451 1606 1494 1670 ad

319 1709 396 1774 illas
420 1711 622 1795 pausillatim
639 1710 806 1777 assedere.
842 1712 928 1779 Rud.
944 1713 1024 1777 929:
1050 1711 1266 1778 Pauxillatim
1282 1712 1495 1799 pollieitabor

320 1838 378 1901 pro
403 1821 511 1902 capite
536 1823 719 1902 argentum,
744 1823 781 1882 ut
804 1820 866 1882 sim
890 1818 980 1885 liber.

317 1972 322 1981 .
407 1926 615 2010 pausillirpem
650 1924 744 1988 Truc.
778 1926 860 1989 913:
900 1924 980 1988 Plus
1012 1923 1125 1990 decem
1150 1926 1207 2012 pol
1235 1924 1344 2011 pondo
1372 1931 1495 1991 amoris

321 2029 530 2114 pausillisper
552 2029 690 2118 perdidi.
1178 2077 1182 2082 -

404 2137 608 2223 pausillulum
631 2141 665 2201 et
687 2135 916 2222 pauxillulum,
940 2136 1157 2209 sacenses:
1182 2138 1335 2223 Agedum
1357 2144 1404 2223 tu,
1429 2140 1494 2204 Ar-

322 2249 421 2323 temo,
453 2242 573 2306 Forem
606 2242 692 2307 hanc
724 2242 936 2328 pausillulum
969 2245 1070 2329 aperi.
1116 2243 1203 2309 Rud.
1227 2244 1308 2311 729:
1342 2243 1497 2331 Oooipito

320 2347 418 2414 modo
447 2349 514 2413 illis
537 2348 664 2414 adferre
688 2351 753 2413 vim
776 2349 885 2414 ioculo
905 2349 1129 2436 pausillulum.
1176 2350 1250 2416 Ter.
1275 2352 1406 2419 Phorm.
1431 2353 1492 2423 372

323 2459 393 2520 erat
414 2458 445 2518 ei
469 2454 509 2518 de
533 2456 770 2522 ratiuncula..
795 2455 949 2521 relicuom
973 2456 1190 2543 pauxillulum
1214 2480 1430 2526 nummorum.

405 2561 591 2648 prosiliam,
624 2560 719 2627 curo.
755 2562 835 2626 176:
868 2562 954 2635 Nam
984 2563 1138 2627 bonumst
1167 2564 1346 2649 pauxillum
1380 2586 1498 2630 amare

321 2688 412 2751 sane,
436 2669 552 2731 insane
575 2689 641 2733 uon
665 2665 830 2738 bonumst
914 2755 916 2759 Α

407 2777 569 2861 placidula,
601 2772 688 2840 Rud.
711 2774 791 2842 426:
828 2776 902 2839 Non
926 2775 1006 2841 licet
1028 2781 1062 2841 te
1086 2781 1134 2843 sic
1157 2776 1288 2864 placide
1311 2777 1396 2842 belle
1423 2778 1497 2844 bel·

320 2880 385 2947 lam
398 2880 560 2965 tangere?
572 2918 615 2929 —
628 2880 657 2943 E
670 2880 802 2966 placide
818 2902 898 2947 voce
908 2881 1148 2949 Fleckeisenus
1163 2886 1305 2949 correxit
1320 2882 1499 2968 placidule.

408 2990 590 3073 siupilluiim
625 2988 713 3052 Trin.
743 2989 827 3059 881:
860 2988 897 3054 Si
926 3010 1027 3053 unum
1059 2989 1219 3075 quidquid
1242 2989 1436 3075 singillatim
1457 2996 1498 3055 st

319 3095 447 3181 placide
471 3094 780 3179 percontabere...
805 3095 881 3160 faxo
906 3098 1002 3160 scias.

408 3204 606 3283 nitidiuseulr,
643 3200 762 3265 Pseud.
794 3202 877 3266 774:
913 3203 1029 3287 Neque
1061 3209 1242 3267 amatorem
1271 3205 1316 3266 mi
1344 3205 1501 3269 invenire

321 3305 419 3371 ullum
445 3327 539 3391 queo,
565 3306 627 3381 Qui
654 3312 830 3387 amoime,
855 3315 892 3373 ut
915 3329 1008 3373 curer
1029 3307 1165 3373 taudem
1188 3307 1408 3373 nitidiuseule.

315 3436 320 3474 ῑ
407 3416 607 3500 saepiuscule,
640 3410 715 3477 Cas.
740 3413 821 3481 703:
855 3413 1078 3499 saepiuscule,
1103 3436 1319 3501 crepemus.
1367 3413 1446 3480 (lod.
1465 3414 1497 3479 B

319 3520 464 3607 sepicule
488 3520 635 3608 praebet,
668 3520 771 3587 Prisc.
790 3520 856 3604 III,
880 3521 924 3585 29
947 3527 982 3587 et
1005 3521 1203 3607 glossarium
1219 3520 1409 3586 Plautinum
1433 3520 1502 3608 (of.

318 3626 443 3693 Ritsch.
470 3625 586 3712 Opusc.
611 3627 657 3709 II,
681 3626 763 3715 246)
787 3627 1003 3715 saepiuscule.

279 3809 284 3817 “
365 3805 415 3870 10.
442 3802 612 3867 Postremo
629 3803 730 3868 rerba
746 3803 909 3888 quaedam
932 3804 997 3869 huo
1020 3806 1210 3892 spectantia
1224 3800 1447 3869 enumeranda

856 3917 951 3976 sunt:

407 4056 587 4136 ombusiulo,
611 4051 697 4118 Rud.
724 4053 802 4121 770:
824 4054 901 4118 Jam
924 4051 1034 4118 hercle
1065 4074 1124 4139 ego
1155 4060 1189 4121 te
1211 4056 1363 4119 continuo
1387 4051 1504 4117 barba.

317 4160 471 4244 arripiam
504 4164 538 4224 in
573 4161 682 4247 ignem
716 4162 877 4225 coniciam
913 4160 1040 4247 Teque⁸
1058 4160 1318 4226 ambustulatum
1348 4158 1503 4225 obiciam

316 4267 446 4349 magnis
471 4266 587 4331 avibus
610 4265 778 4353 pabulum.
