3175 4984
779 339 1019 407 «50st

320 532 414 601 ditat.
462 533 536 601 Ter.
561 531 704 619 Adelph.
721 534 803 601 563:
828 532 935 607 Quem
958 554 1019 618 ego
1043 532 1140 598 modo
1164 556 1303 619 puerum
1325 536 1497 601 tantillum

319 642 354 703 in
377 639 529 704 manibus
553 642 685 725 gestavi
702 642 802 705 meis.

408 746 543 827 torellus,
567 744 642 810 Cas.
668 747 750 811 108:
776 745 904 810 Bellam
928 750 962 811 et
984 746 1142 811 tenellam
1166 744 1332 815 Casinam.

407 854 588 935 volentulus,
616 851 691 920 Cas.
724 854 805 920 852:
840 853 933 917 Vah!
970 892 1012 901 —
1049 853 1136 929 Quid
1164 855 1334 941 negotist?
1359 893 1402 903 -
1427 856 1497 921 Ob-

320 982 412 1024 scoro
437 968 475 1024 ut
499 959 711 1025 valentulast.

408 1070 592 1148 ocousiulus,
617 1068 710 1133 Asin.
736 1066 820 1130 223:
846 1064 1004 1131 Oratione
1027 1065 1173 1151 vinnula,
1198 1067 1381 1133 venustula.

409 1173 559 1256 aesculus,
586 1172 676 1237 Trin.
690 1173 769 1237 888:
793 1172 857 1235 Est
871 1172 1093 1237 minusculum
1106 1173 1247 1237 alterurn
1263 1174 1347 1261 (scil.
1362 1176 1497 1259 nomen)

321 1281 417 1363 quasi
440 1279 608 1343 vesculum
632 1280 804 1360 vinarium.
851 1277 1054 1344 Ritsehclius
1089 1279 1255 1365 (Prolegg.
1280 1303 1311 1366 p.
1335 1281 1497 1367 LXXXI)

320 1387 454 1471 scripsit
478 1384 656 1468 vesculum,
690 1384 765 1448 libri
795 1384 957 1470 praebent
979 1383 1133 1449 vixillum
1157 1383 1241 1467 OD,
1273 1387 1424 1452 iuxillum
1456 1390 1497 1470 B,

320 1492 490 1557 vasculum
515 1492 543 1556 F
567 1492 603 1558 Z.

409 1601 535 1680 orimus,
569 1599 665 1661 Asin.
688 1598 769 1665 340:
794 1600 905 1663 asinos
926 1598 1100 1684 praedicas
1124 1598 1272 1663 Vetulos.
1321 1598 1397 1667 (les.
1414 1602 1496 1667 535:

320 1696 417 1769 Nunc
441 1703 524 1768 adeo
549 1725 755 1788 nequaquam
780 1724 957 1784 emessam,
983 1726 1023 1767 ne
1046 1703 1114 1767 illis
1130 1705 1365 1789 ignavissumis
1384 1706 1497 1771 Liberi

321 1810 387 1875 loci
409 1816 558 1895 potestas
582 1812 628 1873 sit
650 1810 772 1875 vetulis
797 1809 998 1875 vervecibus.
1046 1809 1141 1896 Epid.
1166 1811 1248 1876 666:
1282 1809 1400 1876 Satine
1427 1812 1499 1877 illic

320 1914 417 1981 horno
441 1915 585 1980 ludibrio
605 1937 664 1980 nos
680 1916 810 1981 vetulos
827 1915 1013 2009 decrepitos
1030 1914 1111 1979 dnos
1129 1916 1264 1983 Habet?
1289 1918 1391 1983 Mero.
1409 1920 1495 1985 525:

322 2024 425 2090 Ovem
450 2024 513 2087 tibi
538 2024 687 2113 eccillam
711 2023 809 2107 dabo,
833 2031 949 2088 natam
969 2046 1074 2090 annos
1090 2027 1264 2112 sexaginta
1279 2027 1496 2095 Peculiarem.

322 2169 364 2179 —
388 2131 455 2195 Mei
481 2151 591 2212 senex,
615 2136 683 2195 tam
707 2130 878 2195 vetulam?

412 2235 601 2302 Nonnullae
627 2239 728 2301 etiam
752 2241 884 2301 exstant
908 2237 1132 2322 comparativa
1157 2244 1190 2302 et
1213 2238 1416 2324 superlativa
1442 2238 1498 2303 de-

321 2348 495 2425 minutim,
521 2366 604 2428 quae
629 2351 719 2409 sunt:

413 2451 656 2537 liquidiusculus,
695 2450 765 2515 Mil.
803 2452 888 2517 665:
935 2451 1269 2538 liquidiusculusque
1308 2475 1363 2519 ero
1398 2473 1499 2537 quam

321 2564 439 2623 ventus
464 2563 515 2622 est
538 2558 708 2643 favonius3
731 2579 828 2641 quem
851 2558 960 2622 locum
985 2556 1192 2624 Camerarius
1216 2556 1414 2625 emendavit.

410 2664 611 2745 ramusculus,
643 2664 744 2728 Poen.
764 2664 848 2729 155:
871 2665 920 2729 At
943 2688 1005 2752 ego
1028 2666 1113 2732 hane
1136 2668 1280 2732 vicinam
1304 2666 1376 2729 dico
1394 2666 1501 2730 Adel-

320 2769 471 2855 phasium
497 2792 605 2834 meam
628 2769 775 2834 Lenonis
799 2770 898 2834 huius
921 2775 1130 2838 meretricem
1153 2770 1378 2837 maiusculam.
1420 2771 1499 2837 Ter.

321 2875 406 2940 Eun.
431 2875 517 2943 527:
552 2875 677 2940 Verum
709 2896 757 2959 ea,
792 2878 822 2940 si
851 2879 942 2962 vivit,
974 2900 1077 2943 annos
1100 2885 1212 2943 natast
1234 2875 1386 2958 sedecim,
1421 2876 1502 2940 Non

321 2984 443 3047 maior:
471 2983 583 3065 Thais,
609 3005 707 3067 quam
732 3004 794 3069 ego
820 3003 903 3068 sum,
927 2983 1155 3049 maiusculast.

410 3089 616 3169 meliusculus,
641 3087 736 3175 Capt.
750 3090 833 3155 959:
850 3089 885 3155 Si
904 3093 970 3155 eris
983 3112 1097 3174 verax,
1114 3099 1172 3156 tua
1185 3112 1225 3155 ex
1236 3112 1272 3154 re
1285 3090 1388 3155 iacies
1401 3088 1500 3125 *m

320 3216 364 3259 ex
387 3195 474 3259 mala
490 3194 733 3275 meliusculam,
752 3193 832 3261 ibid.
847 3197 929 3261 968:
954 3195 992 3261 Si
1016 3200 1081 3261 eris
1104 3219 1218 3277 verax,
1243 3218 1285 3259 ex
1308 3198 1375 3260 tuis
1399 3195 1501 3260 rebus

322 3301 439 3365 leceris
463 3300 686 3383 meliusculae,
711 3322 808 3385 quem
824 3323 956 3367 versum
972 3302 1156 3367 Schoellius
1173 3302 1271 3368 delet.
1306 3299 1401 3365 Cure.
1418 3301 1500 3369 489:

321 3408 371 3472 At
405 3414 518 3471 tamen
553 3406 816 3472 meliusculumst
850 3429 994 3476 monere.
1044 3411 1119 3473 Ter.
1142 3408 1224 3472 Heo.
1256 3406 1339 3474 354:
1375 3406 1502 3472 Salvan

322 3513 582 3578 Philumenast?
602 3551 641 3560 -
659 3513 901 3582 Meliusculast.
918 3553 960 3563 -
981 3516 1116 3581 Utinam
1140 3518 1228 3579 istuc
1250 3516 1300 3579 ita
1323 3511 1356 3577 di
1379 3515 1501 3580 faxint.

412 3623 609 3702 minusculus,
646 3621 747 3685 Poen.
778 3620 858 3686 498:
901 3621 1031 3687 Addice
1063 3630 1156 3687 tuam
1186 3620 1267 3685 mihi
1297 3621 1503 3684 meretricem

322 3726 552 3794 minusculam.
601 3727 691 3794 Trin.
716 3727 800 3792 888:
835 3727 898 3792 Est
927 3728 1146 3794 minusculum
1176 3727 1325 3816 (nomen)
1349 3726 1503 3791 alterum.

413 3833 634 3917 uindicaturus,
658 3831 775 3899 Pseud.
791 3834 876 3897 220:
900 3834 989 3899 Num
1010 3842 1139 3899 tuorum
1160 3855 1389 3899 conservorum
1409 3834 1505 3915 quoi-

322 3940 447 4024 piamst
470 3935 568 4001 hodie
592 3946 650 4003 tua
674 3960 774 4027 opera
798 3940 1059 4006 Nitidiusculum
1083 3940 1211 4025 caput?

411 4048 579 4131 plusculos,
616 4045 736 4131 Amph.
770 4046 852 4111 283:
889 4045 995 4112 Credo
1026 4045 1146 4131 edepol
1177 4044 1330 4131 equidem
1360 4043 1505 4108 dormire

324 4150 440 4223 Solem
465 4159 564 4236 atque
588 4151 747 4238 adpotum
771 4153 889 4240 probe:
912 4154 999 4217 Mira
1021 4160 1098 4217 sunt
1120 4155 1186 4218 nisi
1208 4154 1363 4218 invitavit
1379 4171 1451 4215 sese
1470 4153 1505 4214 in

325 4278 410 4321 eena
425 4256 621 4341 plusculum.
669 4260 761 4324 Pers.
779 4259 841 4323 21:
864 4258 1055 4324 Plusculum
1073 4280 1195 4323 annum
1212 4258 1277 4323 Fui
1294 4256 1382 4343 apud
1397 4256 1506 4320 molas
