3175 4984
569 368 810 437 43333-

194 564 362 638 anaunia,
394 559 489 628 Asin.
514 560 595 627 693:
618 560 684 625 Dic
706 562 810 645 igitur
833 557 908 625 med
924 558 1135 645 anaticulam,
1160 558 1279 624 colum·

104 669 180 735 bam
205 670 259 735 vel
283 668 449 735 catellum.

194 779 327 864 apicula,
343 774 438 843 Oura.
457 774 515 841 10:
539 772 652 857 Egone
670 770 873 857 apicularum
889 778 1079 858 congestum
1096 793 1197 857 opera
1214 794 1277 836 non

104 885 217 948 feram.
265 881 314 947 Ex
339 880 428 945 dulci
453 878 626 944 oriundum
650 878 791 943 melculo
817 877 904 943 dulci
929 878 1029 943 meo?

194 993 314 1072 asellus,
339 985 452 1057 Aulul
477 986 558 1052 2293
593 986 689 1050 Nunc
712 987 740 1048 si
763 984 867 1049 filiam
891 986 1045 1051 locassim
1076 1007 1181 1050 meam
1205 986 1278 1067 tibi,

102 1099 137 1161 in
161 1103 304 1161 mentem
329 1095 429 1175 venit,
455 1093 503 1157 Τ3
528 1093 644 1156 bovem
668 1113 740 1158 esse
764 1098 800 1157 et
823 1113 874 1155 me
899 1113 972 1157 esse
997 1093 1146 1163 asellum.

194 1205 343 1282 ocularia,
377 1200 575 1269 (13333983
612 1199 680 1263 Vix
703 1199 790 1263 foras
814 1219 867 1262 mo
891 1198 1020 1285 obripui
1044 1208 1143 1283 atquo
1168 1198 1279 1284 effugi,

104 1311 222 1395 Apage
246 1310 354 1372 istanc
378 1306 573 1375 caniculam.

193 1418 322 1499 catulus,
357 1414 452 1483 Asin.
484 1414 564 1479 184:
611 1412 693 1478 Volt
724 1412 876 1490 famulis,
910 1411 982 1477 volt
1017 1414 1117 1476 etiam
1150 1412 1280 1477 ancillis

103 1521 190 1610 (scil.
204 1517 349 1608 placere)
366 1524 400 1583 ot
416 1540 544 1604 quoque
559 1519 668 1583 catulo
683 1541 755 1583 meo
769 1517 1012 1584 Subblanditur
1026 1540 1126 1583 novos
1140 1526 1278 1588 amator.

104 1628 202 1715 Epic.
226 1628 306 1696 579:
330 1626 380 1666 *⁴*
395 1625 534 1691 *aliter
558 1625 660 1689 «rotuli
683 1625 781 1710 longe
806 1622 906 1707 olent,
931 1623 1031 1689 aliter
1054 1628 1133 1694 suis.
1182 1624 1278 1696 Truo.

103 1736 186 1801 2683
210 1733 287 1798 Jam
311 1731 421 1797 hercle
439 1752 500 1814 ego
517 1731 571 1796 bic
588 1736 630 1814 te,
654 1731 783 1813 mulier,
808 1734 901 1814 quasi
920 1752 974 1795 sus
998 1730 1125 1796 catulos
1141 1731 1279 1817 pedibus

103 1848 281 1927 proteram.
326 1839 395 1904 Ino.
421 1837 487 1902 fab.
512 1838 574 1923 frg.
598 1838 698 1907 LIV:
722 1838 767 1901 ut
791 1860 852 1923 ego
878 1845 911 1903 te
936 1837 1146 1921 conculcabo,
1172 1843 1208 1901 ut
1223 1860 1279 1903 sus

104 1946 233 2013 catulos
257 1966 344 2009 suos.
391 1944 480 2009 Num
510 1948 577 2010 vim
612 1945 849 2010 deminutiram
879 1944 1003 2011 habeat
1025 1968 1101 2026 vox,
1135 1944 1280 2010 dubitari

103 2058 222 2139 potest,
244 2058 355 2117 tamon
379 2052 483 2136 primo
500 2049 588 2135 quod
612 2052 709 2117 attuli
734 2052 883 2138 exemplo
899 2052 1118 2119 demonstrari
1138 2051 1278 2120 ridetur.

105 2159 244 2227 Catulus
267 2156 422 2223 vocabuli
447 2165 558 2222 exstat
582 2157 780 2224 deminutio:

192 2268 326 2349 33131133,
349 2264 444 2334 Asin.
468 2265 551 2333 6933
589 2265 694 2340 Quem
722 2264 934 2334 locamur.
966 2266 1135 2329 anaticula
1167 2266 1278 2333 attuli.

103 2372 198 2442 Oura.
214 2372 277 2438 691
291 2389 299 2429 t
325 2370 512 2434 Delicatum
538 2378 571 2433 te
587 2369 686 2434 hodio
701 2371 822 2435 faciam
839 2392 913 2435 curn
931 2371 1050 2436 catello
1075 2378 1112 2436 ut
1128 2370 1279 2441 accubas.

101 2478 225 2543 Ferreo
250 2499 310 2563 ego
334 2475 417 2541 dico.
442 2477 568 2544 catellus
591 2476 820 2562 ambiguitatis
837 2498 937 2542 causa
953 2479 1094 2563 positum
1112 2485 1171 2558 est,
1194 2500 1276 2563 quae

101 2605 166 2648 vox
183 2583 353 2647 simillima
370 2589 421 2647 est
437 2583 546 2651 3313113
560 2581 733 2667 vocabulo,
750 2583 837 2669 quod
849 2583 1050 2650 Huendchen
1065 2594 1098 2651 et
1109 2585 1275 2650 Kettchen
1382 2624 1386 2630 »

102 2688 277 2775 significat.
332 2690 376 2753 Et
409 2690 466 2753 alii
499 2694 676 2775 scriptores
711 2691 796 2756 hano
819 2698 1061 2777 usurpaverunt
1085 2714 1207 2774 vocem,
1242 2701 1279 2757 ut

102 2795 176 2867 Iuv.
198 2797 257 2876 VI,
283 2797 365 2862 6543
399 2796 506 2861 Morte
536 2800 599 2862 viri
629 2799 764 2883 cupiant
788 2800 934 2862 animam
967 2820 1096 2863 servare
1121 2799 1276 2885 catella03

100 2903 192 2971 Patr.
210 2902 281 2972 Sat.
298 2901 356 2970 643
380 2902 465 2966 Puer
482 2911 592 2968 autem
609 2901 727 2989 lippus,
752 2902 988 2967 sordidissimis
1005 2903 1158 2969 dentibus
1175 2906 1276 2970 catel-

99 3007 168 3072 lam
183 3008 310 3091 nigram
324 3015 422 3092 atque
436 3007 627 3073 indecenter
640 3010 793 3094 pinguem
807 3012 941 3094 prasina
956 3009 1147 3075 involvebat
1163 3010 1276 3077 fascia.

192 3116 450 3198 aratiunculas,
463 3113 548 3179 Rud.
560 3115 658 3184 13253
675 3113 944 3181 Curculiunculos
958 3118 1101 3183 minutos
1117 3118 1276 3189 fabulare.

191 3224 312 3307 equulo,
335 3220 439 3285 Prisc.
463 3221 546 3291 Inst.
572 3222 634 3303 ΙΙΙ,
659 3222 702 3286 42
727 3243 744 3285 3
769 3221 958 3288 Cistellaria
981 3222 1067 3289 buno
1090 3223 1185 3289 affert
1206 3246 1276 3290 ver·

103 3346 193 3394 sum:
219 3325 404 3390 Adhinnire
428 3327 581 3411 equulam
604 3350 737 3414 possum
763 3350 824 3417 ego
840 3329 936 3409 hanc,
960 3332 988 3395 si
1005 3329 1102 3395 datur
1117 3332 1189 3397 sola
1205 3333 1277 3404 soli,

190 3435 349 3516 haediliae,
372 3431 467 3500 Asin.
492 3434 567 3499 661.
599 3432 689 3522 (vida
712 3458 738 3500 s.
762 3460 792 3501 v.
817 3434 994 3522 agnellus).

189 3542 366 3621 inuoluclus,
391 3537 472 3609 cist.
488 3539 545 3619 IV,
562 3542 593 3623 2,
611 3542 664 3623 64,
680 3539 777 3629 (467)
801 3541 957 3605 Imitatur
975 3563 1114 3627 nequam
1130 3542 1276 3608 bestiam

102 3649 135 3708 et
159 3641 378 3710 damnificam.
402 3682 447 3693 -
472 3646 655 3720 Quamnam
672 3646 819 3711 amabo?
842 3685 881 3695 -
898 3647 1113 3730 Involrolum,
1138 3671 1223 3733 quae
1239 3653 1272 3714 in

102 3752 249 3837 pampini
272 3751 353 3816 folio
377 3754 501 3816 intorta
525 3751 675 3838 implicat
696 3774 742 3822 sa.

190 3861 353 3943 lingulaca,
377 3857 452 3928 Cas.
476 3859 560 3927 4973
587 3858 651 3924 Vin
673 3857 886 3944 lingulacas‘?
910 3859 999 3936 Quid
1022 3868 1121 3947 opust
1144 3861 1275 3947 quando

70 3999 73 4003 ·
100 3982 184 4026 uxor
208 3962 296 4027 domi
321 3964 396 4029 est?
431 3964 483 4028 Ea
506 3965 706 4050 lingulacast
728 3966 834 4048 nobis,
868 3989 943 4031 nam
975 3989 1151 4051 numquam
1176 3974 1275 4041 tacet.

190 4068 387 4153 lolipunculc,
405 4070 481 4141 Cas.
493 4072 574 4140 493:
591 4071 702 4137 Emito
717 4072 870 4162 sepiolae,
884 4073 1029 4160 lopadas,
1046 4073 1275 4159 loligunculas.

189 4176 362 4260 lusciniola,
386 4177 506 4247 Raoch.
531 4180 595 4247 38:
619 4179 679 4243 Pol
704 4200 766 4267 ego
791 4188 912 4262 metuo,
935 4180 1130 4246 lusciniolae
1155 4204 1195 4247 ne
1219 4182 1275 4246 de·

99 4282 200 4348 luerit
223 4283 342 4352 cantio.

1187 4416 1204 4467 3
