3175 4984
714 376 1059 443 -ψ<8>4-,

326 590 388 655 ego
416 571 502 636 istuc
529 568 604 635 aliis
634 567 714 633 dare
745 567 920 652 condidici,
949 571 993 633 mi
1024 567 1197 656 optrudere
1230 590 1294 634 non
1322 571 1411 656 potis

236 674 369 762 palpum
393 699 422 740 r.
448 675 522 741 945.

324 782 418 871 perii,
441 803 528 847 nunc
550 781 647 849 homo
671 783 704 847 in
729 781 839 849 medio
862 781 969 870 lutost
992 805 1022 847 r.
1047 782 1122 850 984.

325 890 411 970 nori,
434 888 521 955 bona
544 896 696 955 scaevast
719 888 801 953 mihi
825 913 853 954 r.
881 890 975 956 1138.

327 996 473 1081 quisquis
507 1018 551 1080 es,
585 995 790 1079 adulescens,
825 1019 958 1084 operam
982 997 1034 1063 fac
1058 995 1231 1084 compendi
1253 1016 1412 1080 quaerere

236 1124 266 1169 r.
293 1103 389 1168 1141.

153 1204 157 1211 “
326 1207 501 1274 Accedunt
516 1207 694 1275 meledicta
710 1209 829 1295 quibus
845 1230 953 1276 sermo
978 1208 1179 1276 cottidianus
1195 1230 1235 1275 ao
1249 1207 1410 1296 plebeius,

236 1336 299 1400 quo
323 1314 463 1381 Plautus
486 1314 621 1401 gaudet,
644 1315 831 1381 uberrimus
856 1319 907 1381 est
930 1316 1112 1402 quibusque
1129 1318 1216 1381 servi
1233 1322 1267 1380 et
1281 1316 1411 1382 lenonis

234 1423 413 1508 praecipue
429 1444 589 1508 personae
606 1420 786 1488 abundant.
820 1422 868 1489 Ut
889 1426 1014 1509 paucis,
1038 1420 1125 1507 quod
1148 1426 1307 1487 sescentis
1331 1422 1411 1488 locis

235 1528 452 1593 demonstrari
490 1532 606 1616 possit,
641 1528 822 1613 ostendam,
859 1529 941 1595 haec
973 1531 1198 1594 inveniuntur.
1245 1530 1358 1594 asinus
1382 1553 1410 1594 r.

238 1634 312 1717 136,
336 1634 523 1719 flagritriba
546 1660 575 1701 v.
603 1637 677 1721 137,
701 1636 835 1701 furcifer
857 1658 886 1701 v.
913 1636 987 1717 194,
1011 1635 1176 1701 maleficus
1199 1658 1230 1699 r.
1255 1636 1329 1716 195,
1355 1658 1411 1701 ex·

236 1747 328 1808 cetra
352 1764 379 1806 v.
404 1742 481 1823 218,
504 1742 664 1808 scelerum
689 1748 789 1829 caput
812 1767 842 1808 v.
858 1744 935 1825 445,
958 1741 1094 1807 verbero
1119 1766 1149 1807 r.
1177 1743 1271 1821 1064,
1295 1741 1411 1824 malus,

237 1848 398 1914 scelestus
422 1850 573 1935 periurus
589 1872 620 1916 r.
639 1849 733 1916 1083.
767 1849 928 1914 Gonferas
952 1871 1074 1936 quaeso
1097 1870 1212 1915 versus
1235 1849 1410 1915 360-366

236 1957 292 2038 qui
324 1952 468 2019 sedecim
503 1953 691 2020 huiusmodi
721 1976 821 2020 voces
856 1958 1036 2037 continent,
1077 1956 1194 2039 quibus
1227 1954 1412 2021 Callidorus

235 2060 429 2126 adulescens
464 2083 530 2126 una
563 2082 637 2126 cum
672 2060 835 2128 Pseudolo
868 2060 1053 2127 Ballionem
1087 2060 1230 2132 allatret.
1277 2064 1348 2128 Nec
1378 2067 1410 2128 in

234 2167 396 2235 Pseudolo
421 2168 656 2251 tantummodo,
679 2171 712 2233 in
736 2167 887 2234 omnibus
902 2168 1026 2234 fabulis
1042 2167 1147 2232 multe
1164 2167 1341 2234 maledicta
1362 2172 1412 2234 in·

236 2278 360 2341 venies.
406 2274 459 2339 lta
491 2277 524 2339 in
558 2275 648 2339 Pers.
684 2298 712 2339 r.
738 2275 835 2342 2785
867 2274 1038 2340 ulmitriba
1065 2298 1096 2344 v.
1121 2274 1186 2341 283
1210 2278 1414 2368 morticinas,¹

235 2404 268 2445 v.
294 2381 359 2446 795
391 2382 597 2447 stimulorum
621 2383 726 2465 tritor,
760 2403 847 2447 crux.
872 2384 906 2447 in
929 2381 1034 2464 Most,
1065 2405 1095 2446 r.
1121 2383 1196 2464 343,
1220 2381 1410 2447 ferritribax

236 2509 270 2557 v.
294 2488 338 2553 55
372 2487 580 2553 carnuficium
614 2488 765 2571 cribrum,
800 2512 851 2558 vv.
877 2491 905 2569 1,
932 2489 994 2554 727
1019 2491 1194 2573 mastigia3
1228 2491 1262 2552 in
1296 2488 1408 2553 Aulul.

236 2617 266 2659 v.
290 2594 333 2660 45
359 2592 562 2659 stimulorum
587 2614 683 2681 seges
699 2618 728 2659 v.
747 2596 788 2661 86
813 2593 1023 2676 trivenefica3
1046 2598 1079 2659 in
1104 2592 1179 2662 Cas.
1204 2595 1410 2659 stimulorum

237 2699 336 2766 loculi
361 2710 394 2767 et
417 2700 484 2766 alia
507 2700 622 2765 multa.

326 2807 449 2874 Multos
483 2808 563 2873 alios
592 2806 780 2873 huiusmodi
812 2807 902 2873 locos
936 2807 1053 2872 afferre
1085 2828 1229 2894 possum,
1262 2813 1299 2872 ut
1332 2807 1410 2878 Aul.

237 2936 267 2977 r.
292 2914 486 2999 280-2863
514 2915 706 2999 302-3063
730 2913 788 2980 sed
817 2918 897 2982 satis
928 2915 967 2981 de
994 2913 1066 2980 hoc.
1096 2915 1269 2979 Postremo
1298 2920 1410 3003 paucis
1468 2904 1472 2911 ’

236 3022 465 3086 tantummodo
498 3023 607 3086 verbis
632 3022 673 3087 de
696 3021 761 3087 alio
785 3030 982 3107 argumento
1007 3020 1170 3107 agendum
1194 3042 1267 3087 esse
1284 3044 1410 3103 censeo,

237 3148 300 3211 quo
325 3135 494 3214 appareat,
529 3150 709 3195 sermonem
740 3128 955 3195 cottidianum
979 3131 1015 3192 in
1039 3127 1153 3193 Plauti
1175 3128 1297 3193 fabulis
1321 3127 1411 3192 adhi-

237 3233 341 3297 bitum
367 3256 449 3301 esse.
495 3235 639 3300 Exstant
668 3234 774 3300 multa
804 3234 965 3299 vocabula
996 3234 1294 3320 praepositionibus
1323 3255 1410 3298 com·

236 3344 356 3426 posita,
380 3362 463 3425 quae
487 3341 610 3407 nullam
635 3362 706 3405 cam
731 3342 830 3406 aliam
846 3338 1120 3425 significationem
1137 3361 1235 3424 quam
1251 3340 1410 3427 simplicis

236 3444 371 3528 habent,
402 3468 604 3533 quorumque
629 3446 786 3513 nonnulla
815 3469 872 3533 pro
901 3445 1044 3532 simplici
1074 3467 1203 3532 semper
1234 3452 1410 3533 ponuntur.

236 3554 344 3618 Locos
377 3554 416 3619 ad
450 3553 740 3621 demonstrandam
773 3554 858 3620 hauc
890 3574 957 3618 rern
992 3558 1087 3640 aptos
1115 3553 1296 3619 Lorenziue
1321 3554 1357 3639 (l.
1382 3575 1410 3618 o.

236 3683 267 3749 p.
291 3661 437 3749 37-39)
463 3661 618 3727 eontulit:
643 3660 748 3727 Voces
772 3660 865 3727 affert
887 3660 1006 3725 hasce:

327 3791 400 3835 cum
423 3793 481 3838 coo
505 3772 747 3857 praepositione
771 3772 983 3855 compositas,

327 3874 416 3962 apud
448 3876 603 3942 Plautum
639 3875 744 3941 solum
780 3882 1007 3941 occurrentes:
1042 3871 1196 3937 concaleo
1231 3872 1322 3936 Pers.
1345 3871 1410 3952 883

238 3986 429 4068 concastigo
454 3983 546 4047 Trin.
571 3984 613 4049 26
638 3982 758 4048 Bacch.
782 3982 859 4064 497,
887 3980 972 4046 1175
995 3978 1168 4065 (Fronto);
1200 3985 1409 4045 concenturio

237 4088 356 4159 Pseud.
389 4090 454 4156 572
484 4090 575 4154 Trin.
602 4090 704 4171 1002;
733 4090 933 4154 concomites
955 4086 1026 4151 Mil.
1058 4086 1158 4169 1103;
1194 4089 1411 4152 concriminor

127 4236 130 4243 »
235 4196 307 4263 Mil.
332 4196 412 4280 2423
436 4195 594 4263 concredo
617 4196 696 4262 Aul.
713 4196 789 4277 585,
814 4193 891 4262 Cas.
907 4195 994 4278 479;
1019 4213 1160 4258 oonouro
1181 4193 1303 4259 Bacch.
1331 4196 1410 4275 131;
1465 4178 1469 4185 ’

237 4325 392 4369 concesso
417 4305 510 4369 Asin.
528 4303 603 4384 290,
628 4304 730 4368 Poen.
746 4302 812 4368 219
834 4301 1006 4388 (Bronto);
1031 4296 1222 4387 condignus,
1247 4299 1409 4387 condigne
