<?xml version="1.0" encoding="UTF-8"?>
<!DOCTYPE html PUBLIC "-//W3C//DTD XHTML 1.0 Transitional//EN"
    "http://www.w3.org/TR/xhtml1/DTD/xhtml1-transitional.dtd">
<html xmlns="http://www.w3.org/1999/xhtml" xml:lang="en" lang="en">
 <head>
  <title>
</title>
<meta http-equiv="Content-Type" content="text/html;charset=utf-8" />
  <meta name='ocr-system' content='tesseract 3.04.00' />
  <meta name='ocr-capabilities' content='ocr_page ocr_carea ocr_par ocr_line ocrx_word'/>
</head>
<body>
  <div class='ocr_page' id='page_1' title='image "./dedeminutivispl00ryhigoog_0020.png"; bbox 0 0 3175 4984; ppageno 0'>
   <div class='ocr_carea' id='block_1_1' title="bbox 694 369 935 435">
    <p class='ocr_par' dir='ltr' id='par_1_1' title="bbox 694 369 935 435">
     <span class='ocr_line' id='line_1_1' title="bbox 694 369 935 435; baseline -0.004 0"><span class='ocrx_word' id='word_1_1' title='bbox 694 369 935 435; x_wconf 59' lang='lat'>4&lt;12&gt;÷</span> 
     </span>
    </p>
   </div>
   <div class='ocr_carea' id='block_1_2' title="bbox 238 557 1418 4055">
    <p class='ocr_par' dir='ltr' id='par_1_2' title="bbox 238 557 1415 1292">
     <span class='ocr_line' id='line_1_2' title="bbox 240 557 1413 647; baseline 0.003 -25"><span class='ocrx_word' id='word_1_2' title='bbox 240 558 316 623; x_wconf 81' lang='lat' dir='ltr'>Ter.</span> <span class='ocrx_word' id='word_1_3' title='bbox 340 557 405 624; x_wconf 86' lang='lat' dir='ltr'>Ad.</span> <span class='ocrx_word' id='word_1_4' title='bbox 430 558 512 628; x_wconf 80' lang='lat'><strong>766:</strong></span> <span class='ocrx_word' id='word_1_5' title='bbox 547 560 829 629; x_wconf 77' lang='lat' dir='ltr'><strong>Prodeambulare</strong></span> <span class='ocrx_word' id='word_1_6' title='bbox 861 559 926 627; x_wconf 91' lang='lat' dir='ltr'>huo</span> <span class='ocrx_word' id='word_1_7' title='bbox 957 560 1143 627; x_wconf 87' lang='lat' dir='ltr'>lubitumst.</span> <span class='ocrx_word' id='word_1_8' title='bbox 1200 559 1293 647; x_wconf 84' lang='lat' dir='ltr'>Oapt.</span> <span class='ocrx_word' id='word_1_9' title='bbox 1327 560 1413 628; x_wconf 82' lang='lat'>900:</span> 
     </span>
     <span class='ocr_line' id='line_1_3' title="bbox 239 665 1414 735; baseline 0.003 -6"><span class='ocrx_word' id='word_1_10' title='bbox 239 665 330 730; x_wconf 90' lang='lat' dir='ltr'>Bene</span> <span class='ocrx_word' id='word_1_11' title='bbox 354 665 488 730; x_wconf 89' lang='lat' dir='ltr'>ambula</span> <span class='ocrx_word' id='word_1_12' title='bbox 513 670 547 730; x_wconf 89' lang='lat' dir='ltr'>et</span> <span class='ocrx_word' id='word_1_13' title='bbox 570 666 770 735; x_wconf 84' lang='lat' dir='ltr'>rodambula.</span> <span class='ocrx_word' id='word_1_14' title='bbox 810 666 855 732; x_wconf 84' lang='lat' dir='ltr'>Et</span> <span class='ocrx_word' id='word_1_15' title='bbox 870 666 1082 734; x_wconf 78' lang='lat' dir='ltr'><strong>funambulus</strong></span> <span class='ocrx_word' id='word_1_16' title='bbox 1099 672 1209 733; x_wconf 86' lang='lat' dir='ltr'>exstat</span> <span class='ocrx_word' id='word_1_17' title='bbox 1225 671 1257 732; x_wconf 89' lang='lat' dir='ltr'>in</span> <span class='ocrx_word' id='word_1_18' title='bbox 1277 667 1414 732; x_wconf 76' lang='lat' dir='ltr'>Terenti</span> 
     </span>
     <span class='ocr_line' id='line_1_4' title="bbox 238 771 1414 861; baseline 0.002 -25"><span class='ocrx_word' id='word_1_19' title='bbox 238 772 317 836; x_wconf 88' lang='lat' dir='ltr'>Hoc.</span> <span class='ocrx_word' id='word_1_20' title='bbox 343 771 425 857; x_wconf 91' lang='lat' dir='ltr'>prol.</span> <span class='ocrx_word' id='word_1_21' title='bbox 451 795 477 840; x_wconf 87' lang='lat' dir='ltr'>v.</span> <span class='ocrx_word' id='word_1_22' title='bbox 502 773 534 842; x_wconf 83' lang='lat'>4.</span> <span class='ocrx_word' id='word_1_23' title='bbox 581 772 761 839; x_wconf 88' lang='lat' dir='ltr'>Rarissimo</span> <span class='ocrx_word' id='word_1_24' title='bbox 787 772 896 839; x_wconf 84' lang='lat' dir='ltr'><strong>ambio</strong></span> <span class='ocrx_word' id='word_1_25' title='bbox 920 774 1059 860; x_wconf 83' lang='lat' dir='ltr'><strong>simplex</strong></span> <span class='ocrx_word' id='word_1_26' title='bbox 1088 776 1222 861; x_wconf 90' lang='lat' dir='ltr'>ponitur</span> <span class='ocrx_word' id='word_1_27' title='bbox 1245 776 1278 837; x_wconf 92' lang='lat' dir='ltr'>in</span> <span class='ocrx_word' id='word_1_28' title='bbox 1303 774 1414 839; x_wconf 90' lang='lat' dir='ltr'>Plauti</span> 
     </span>
     <span class='ocr_line' id='line_1_5' title="bbox 240 878 1415 967; baseline 0 -23"><span class='ocrx_word' id='word_1_29' title='bbox 240 886 273 944; x_wconf 87' lang='lat' dir='ltr'>et</span> <span class='ocrx_word' id='word_1_30' title='bbox 291 878 425 943; x_wconf 79' lang='lat' dir='ltr'>Terenti</span> <span class='ocrx_word' id='word_1_31' title='bbox 448 878 571 946; x_wconf 81' lang='lat' dir='ltr'>fabulis</span> <span class='ocrx_word' id='word_1_32' title='bbox 594 882 644 945; x_wconf 88' lang='lat' dir='ltr'>ita</span> <span class='ocrx_word' id='word_1_33' title='bbox 661 880 780 967; x_wconf 83' lang='lat' dir='ltr'><strong>Amph.</strong></span> <span class='ocrx_word' id='word_1_34' title='bbox 806 902 835 947; x_wconf 88' lang='lat' dir='ltr'>v.</span> <span class='ocrx_word' id='word_1_35' title='bbox 854 903 882 948; x_wconf 87' lang='grc'>6.</span> <span class='ocrx_word' id='word_1_36' title='bbox 899 881 953 964; x_wconf 90' lang='grc'>69,</span> <span class='ocrx_word' id='word_1_37' title='bbox 979 881 1031 961; x_wconf 76' lang='grc'>11,</span> <span class='ocrx_word' id='word_1_38' title='bbox 1057 881 1111 963; x_wconf 76' lang='grc'>14,</span> <span class='ocrx_word' id='word_1_39' title='bbox 1135 881 1176 946; x_wconf 83' lang='grc'>78</span> <span class='ocrx_word' id='word_1_40' title='bbox 1193 878 1333 967; x_wconf 84' lang='lat' dir='ltr'><strong>prologi,</strong></span> <span class='ocrx_word' id='word_1_41' title='bbox 1358 882 1415 965; x_wconf 90' lang='lat' dir='ltr'>qui</span> 
     </span>
     <span class='ocr_line' id='line_1_6' title="bbox 239 984 1414 1074; baseline 0 -23"><span class='ocrx_word' id='word_1_42' title='bbox 239 988 484 1051; x_wconf 77' lang='lat' dir='ltr'>retractationis</span> <span class='ocrx_word' id='word_1_43' title='bbox 500 988 710 1072; x_wconf 89' lang='lat' dir='ltr'>apertissima</span> <span class='ocrx_word' id='word_1_44' title='bbox 726 986 871 1073; x_wconf 88' lang='lat' dir='ltr'>vestigia</span> <span class='ocrx_word' id='word_1_45' title='bbox 888 1008 965 1074; x_wconf 88' lang='lat' dir='ltr'>prae</span> <span class='ocrx_word' id='word_1_46' title='bbox 986 1009 1021 1052; x_wconf 89' lang='lat' dir='ltr'>ae</span> <span class='ocrx_word' id='word_1_47' title='bbox 1038 987 1121 1070; x_wconf 86' lang='lat' dir='ltr'>fert;</span> <span class='ocrx_word' id='word_1_48' title='bbox 1145 984 1266 1051; x_wconf 87' lang='lat' dir='ltr'>deinde</span> <span class='ocrx_word' id='word_1_49' title='bbox 1281 986 1352 1051; x_wconf 90' lang='lat' dir='ltr'>Mil.</span> <span class='ocrx_word' id='word_1_50' title='bbox 1372 986 1414 1051; x_wconf 83' lang='lat'>69</span> 
     </span>
     <span class='ocr_line' id='line_1_7' title="bbox 238 1091 1413 1179; baseline 0.002 -22"><span class='ocrx_word' id='word_1_51' title='bbox 238 1100 271 1157; x_wconf 91' lang='lat' dir='ltr'>et</span> <span class='ocrx_word' id='word_1_52' title='bbox 296 1092 370 1159; x_wconf 80' lang='lat' dir='ltr'>Ter.</span> <span class='ocrx_word' id='word_1_53' title='bbox 395 1092 497 1157; x_wconf 85' lang='lat' dir='ltr'>Andr.</span> <span class='ocrx_word' id='word_1_54' title='bbox 515 1093 581 1159; x_wconf 75' lang='lat'>373</span> <span class='ocrx_word' id='word_1_55' title='bbox 598 1092 717 1178; x_wconf 88' lang='lat' dir='ltr'>quibus</span> <span class='ocrx_word' id='word_1_56' title='bbox 733 1102 908 1179; x_wconf 82' lang='lat' dir='ltr'>praeterea</span> <span class='ocrx_word' id='word_1_57' title='bbox 924 1093 1006 1159; x_wconf 91' lang='lat' dir='ltr'>locis</span> <span class='ocrx_word' id='word_1_58' title='bbox 1030 1116 1095 1160; x_wconf 90' lang='lat' dir='ltr'>non</span> <span class='ocrx_word' id='word_1_59' title='bbox 1111 1091 1212 1159; x_wconf 88' lang='lat' dir='ltr'>eundi</span> <span class='ocrx_word' id='word_1_60' title='bbox 1228 1092 1286 1158; x_wconf 89' lang='lat' dir='ltr'>sed</span> <span class='ocrx_word' id='word_1_61' title='bbox 1303 1095 1413 1179; x_wconf 91' lang='lat' dir='ltr'>potius</span> 
     </span>
     <span class='ocr_line' id='line_1_8' title="bbox 241 1197 793 1292; baseline 0 -29"><span class='ocrx_word' id='word_1_62' title='bbox 241 1197 356 1263; x_wconf 90' lang='lat' dir='ltr'>orandi</span> <span class='ocrx_word' id='word_1_63' title='bbox 379 1198 657 1292; x_wconf 78' lang='lat' dir='ltr'>significationem</span> <span class='ocrx_word' id='word_1_64' title='bbox 681 1198 793 1280; x_wconf 86' lang='lat' dir='ltr'>babet,</span> 
     </span>
    </p>

    <p class='ocr_par' dir='ltr' id='par_1_3' title="bbox 240 1304 1416 2562">
     <span class='ocr_line' id='line_1_9' title="bbox 328 1304 1415 1393; baseline -0.002 -20"><span class='ocrx_word' id='word_1_65' title='bbox 328 1309 449 1387; x_wconf 72' lang='grc'><strong>6661116,</strong></span> <span class='ocrx_word' id='word_1_66' title='bbox 474 1304 598 1393; x_wconf 72' lang='grc' dir='ltr'><strong>Μ6661,</strong></span> <span class='ocrx_word' id='word_1_67' title='bbox 622 1306 723 1373; x_wconf 88' lang='lat' dir='ltr'>Mero.</span> <span class='ocrx_word' id='word_1_68' title='bbox 747 1308 815 1373; x_wconf 84' lang='lat'>414</span> <span class='ocrx_word' id='word_1_69' title='bbox 836 1305 957 1371; x_wconf 87' lang='lat' dir='ltr'>Recte:</span> <span class='ocrx_word' id='word_1_70' title='bbox 993 1328 1053 1391; x_wconf 84' lang='lat' dir='ltr'>ego</span> <span class='ocrx_word' id='word_1_71' title='bbox 1078 1328 1187 1371; x_wconf 91' lang='lat' dir='ltr'>emero</span> <span class='ocrx_word' id='word_1_72' title='bbox 1217 1311 1313 1372; x_wconf 91' lang='lat' dir='ltr'>matri</span> <span class='ocrx_word' id='word_1_73' title='bbox 1336 1311 1415 1371; x_wconf 85' lang='lat' dir='ltr'>tuae</span> 
     </span>
     <span class='ocr_line' id='line_1_10' title="bbox 240 1411 1414 1500; baseline -0.001 -23"><span class='ocrx_word' id='word_1_74' title='bbox 240 1412 406 1477; x_wconf 79' lang='lat' dir='ltr'>Ancillam</span> <span class='ocrx_word' id='word_1_75' title='bbox 440 1414 622 1499; x_wconf 86' lang='lat' dir='ltr'>viraginem</span> <span class='ocrx_word' id='word_1_76' title='bbox 653 1412 800 1498; x_wconf 90' lang='lat' dir='ltr'>aliquam</span> <span class='ocrx_word' id='word_1_77' title='bbox 822 1415 966 1500; x_wconf 74' lang='lat' dir='ltr'>passim3</span> <span class='ocrx_word' id='word_1_78' title='bbox 1002 1411 1044 1478; x_wconf 89' lang='lat' dir='ltr'>ab</span> <span class='ocrx_word' id='word_1_79' title='bbox 1077 1412 1195 1478; x_wconf 89' lang='lat' dir='ltr'>ancula</span> <span class='ocrx_word' id='word_1_80' title='bbox 1228 1412 1414 1478; x_wconf 88' lang='lat' dir='ltr'>derivatum</span> 
     </span>
     <span class='ocr_line' id='line_1_11' title="bbox 242 1517 1415 1600; baseline 0 -17"><span class='ocrx_word' id='word_1_81' title='bbox 242 1540 313 1584; x_wconf 88' lang='lat' dir='ltr'>esse</span> <span class='ocrx_word' id='word_1_82' title='bbox 338 1517 535 1584; x_wconf 85' lang='lat' dir='ltr'>vocabulum</span> <span class='ocrx_word' id='word_1_83' title='bbox 559 1518 699 1585; x_wconf 86' lang='lat' dir='ltr'>videtur.</span> <span class='ocrx_word' id='word_1_84' title='bbox 747 1519 839 1583; x_wconf 83' lang='lat' dir='ltr'>Bone</span> <span class='ocrx_word' id='word_1_85' title='bbox 864 1518 987 1583; x_wconf 90' lang='lat' dir='ltr'>Paulus</span> <span class='ocrx_word' id='word_1_86' title='bbox 1010 1518 1106 1583; x_wconf 78' lang='lat' dir='ltr'>Festi</span> <span class='ocrx_word' id='word_1_87' title='bbox 1135 1519 1196 1584; x_wconf 92' lang='lat' dir='ltr'>hoo</span> <span class='ocrx_word' id='word_1_88' title='bbox 1230 1518 1312 1584; x_wconf 89' lang='lat' dir='ltr'>dicit</span> <span class='ocrx_word' id='word_1_89' title='bbox 1347 1521 1415 1600; x_wconf 82' lang='lat' dir='ltr'>„sic</span> 
     </span>
     <span class='ocr_line' id='line_1_12' title="bbox 241 1624 1414 1713; baseline -0.001 -23"><span class='ocrx_word' id='word_1_90' title='bbox 241 1624 448 1712; x_wconf 88' lang='lat' dir='ltr'>appellantur</span> <span class='ocrx_word' id='word_1_91' title='bbox 476 1624 661 1713; x_wconf 85' lang='lat' dir='ltr'>(ancillae),</span> <span class='ocrx_word' id='word_1_92' title='bbox 697 1624 785 1710; x_wconf 91' lang='lat' dir='ltr'>quod</span> <span class='ocrx_word' id='word_1_93' title='bbox 819 1627 948 1709; x_wconf 89' lang='lat' dir='ltr'>antiqui</span> <span class='ocrx_word' id='word_1_94' title='bbox 980 1626 1134 1691; x_wconf 83' lang='lat' dir='ltr'>annulare</span> <span class='ocrx_word' id='word_1_95' title='bbox 1164 1624 1322 1690; x_wconf 89' lang='lat' dir='ltr'>dicebant</span> <span class='ocrx_word' id='word_1_96' title='bbox 1354 1646 1414 1711; x_wconf 86' lang='lat' dir='ltr'>pro</span> 
     </span>
     <span class='ocr_line' id='line_1_13' title="bbox 240 1728 1415 1817; baseline 0 -22"><span class='ocrx_word' id='word_1_97' title='bbox 240 1734 438 1811; x_wconf 87' lang='lat' dir='ltr'>ministrare,</span> <span class='ocrx_word' id='word_1_98' title='bbox 469 1755 509 1796; x_wconf 83' lang='lat' dir='ltr'>ex</span> <span class='ocrx_word' id='word_1_99' title='bbox 533 1753 597 1816; x_wconf 93' lang='lat' dir='ltr'>quo</span> <span class='ocrx_word' id='word_1_100' title='bbox 623 1730 669 1797; x_wconf 91' lang='lat' dir='ltr'>dii</span> <span class='ocrx_word' id='word_1_101' title='bbox 694 1752 824 1817; x_wconf 92' lang='lat' dir='ltr'>quoque</span> <span class='ocrx_word' id='word_1_102' title='bbox 847 1753 885 1797; x_wconf 90' lang='lat' dir='ltr'>ac</span> <span class='ocrx_word' id='word_1_103' title='bbox 910 1730 990 1796; x_wconf 86' lang='lat' dir='ltr'>deae</span> <span class='ocrx_word' id='word_1_104' title='bbox 1014 1731 1164 1796; x_wconf 89' lang='lat' dir='ltr'>feruntur</span> <span class='ocrx_word' id='word_1_105' title='bbox 1187 1730 1261 1814; x_wconf 87' lang='lat' dir='ltr'>coli,</span> <span class='ocrx_word' id='word_1_106' title='bbox 1296 1728 1415 1814; x_wconf 92' lang='lat' dir='ltr'>quibus</span> 
     </span>
     <span class='ocr_line' id='line_1_14' title="bbox 240 1836 1415 1921; baseline 0 -20"><span class='ocrx_word' id='word_1_107' title='bbox 240 1840 473 1902; x_wconf 79' lang='lat' dir='ltr'>nominarunt</span> <span class='ocrx_word' id='word_1_108' title='bbox 509 1837 636 1903; x_wconf 90' lang='lat' dir='ltr'>Anouli</span> <span class='ocrx_word' id='word_1_109' title='bbox 670 1845 705 1903; x_wconf 88' lang='lat' dir='ltr'>et</span> <span class='ocrx_word' id='word_1_110' title='bbox 729 1837 910 1904; x_wconf 85' lang='lat' dir='ltr'>Anculae.“</span> <span class='ocrx_word' id='word_1_111' title='bbox 951 1837 1033 1903; x_wconf 91' lang='lat' dir='ltr'>Inde</span> <span class='ocrx_word' id='word_1_112' title='bbox 1057 1848 1091 1905; x_wconf 94' lang='lat' dir='ltr'>et</span> <span class='ocrx_word' id='word_1_113' title='bbox 1114 1860 1154 1902; x_wconf 84' lang='lat' dir='ltr'>ex</span> <span class='ocrx_word' id='word_1_114' title='bbox 1177 1837 1239 1902; x_wconf 93' lang='lat' dir='ltr'>boo</span> <span class='ocrx_word' id='word_1_115' title='bbox 1254 1836 1341 1921; x_wconf 87' lang='lat' dir='ltr'>quod</span> <span class='ocrx_word' id='word_1_116' title='bbox 1358 1860 1415 1901; x_wconf 92' lang='lat' dir='ltr'>an-</span> 
     </span>
     <span class='ocr_line' id='line_1_15' title="bbox 241 1942 1412 2029; baseline -0.002 -20"><span class='ocrx_word' id='word_1_117' title='bbox 241 1944 312 2009; x_wconf 89' lang='lat' dir='ltr'>cula</span> <span class='ocrx_word' id='word_1_118' title='bbox 332 1965 397 2010; x_wconf 85' lang='lat' dir='ltr'>vox</span> <span class='ocrx_word' id='word_1_119' title='bbox 413 1942 553 2009; x_wconf 89' lang='lat' dir='ltr'>ancillae</span> <span class='ocrx_word' id='word_1_120' title='bbox 569 1946 634 2007; x_wconf 82' lang='lat' dir='ltr'>vim</span> <span class='ocrx_word' id='word_1_121' title='bbox 652 1965 814 2027; x_wconf 82' lang='lat' dir='ltr'>nusquam</span> <span class='ocrx_word' id='word_1_122' title='bbox 829 1942 940 2022; x_wconf 87' lang='lat' dir='ltr'>habet,</span> <span class='ocrx_word' id='word_1_123' title='bbox 964 1943 1176 2029; x_wconf 83' lang='lat' dir='ltr'>intellegitur,</span> <span class='ocrx_word' id='word_1_124' title='bbox 1202 1944 1312 2010; x_wconf 91' lang='lat' dir='ltr'>Plauti</span> <span class='ocrx_word' id='word_1_125' title='bbox 1328 1950 1412 2009; x_wconf 92' lang='lat' dir='ltr'>tem-</span> 
     </span>
     <span class='ocr_line' id='line_1_16' title="bbox 241 2049 1413 2137; baseline -0.002 -21"><span class='ocrx_word' id='word_1_126' title='bbox 241 2049 376 2137; x_wconf 81' lang='lat' dir='ltr'>poribus</span> <span class='ocrx_word' id='word_1_127' title='bbox 402 2049 538 2116; x_wconf 88' lang='lat' dir='ltr'>anoulas</span> <span class='ocrx_word' id='word_1_128' title='bbox 566 2072 624 2137; x_wconf 89' lang='lat' dir='ltr'>pro</span> <span class='ocrx_word' id='word_1_129' title='bbox 655 2049 786 2115; x_wconf 86' lang='lat' dir='ltr'>ancillis</span> <span class='ocrx_word' id='word_1_130' title='bbox 819 2072 882 2114; x_wconf 90' lang='lat' dir='ltr'>non</span> <span class='ocrx_word' id='word_1_131' title='bbox 914 2052 982 2114; x_wconf 92' lang='lat' dir='ltr'>iam</span> <span class='ocrx_word' id='word_1_132' title='bbox 1014 2050 1120 2115; x_wconf 89' lang='lat' dir='ltr'>dictas</span> <span class='ocrx_word' id='word_1_133' title='bbox 1147 2050 1258 2115; x_wconf 82' lang='lat' dir='ltr'>fuisse.</span> <span class='ocrx_word' id='word_1_134' title='bbox 1304 2050 1413 2115; x_wconf 90' lang='lat' dir='ltr'>Huius</span> 
     </span>
     <span class='ocr_line' id='line_1_17' title="bbox 241 2153 1415 2239; baseline -0.003 -18"><span class='ocrx_word' id='word_1_135' title='bbox 241 2156 307 2223; x_wconf 90' lang='lat' dir='ltr'>looi</span> <span class='ocrx_word' id='word_1_136' title='bbox 331 2180 395 2221; x_wconf 92' lang='lat' dir='ltr'>non</span> <span class='ocrx_word' id='word_1_137' title='bbox 420 2162 479 2237; x_wconf 90' lang='lat' dir='ltr'>est,</span> <span class='ocrx_word' id='word_1_138' title='bbox 504 2160 537 2219; x_wconf 91' lang='lat' dir='ltr'>in</span> <span class='ocrx_word' id='word_1_139' title='bbox 562 2159 784 2222; x_wconf 87' lang='lat' dir='ltr'>coniecturam</span> <span class='ocrx_word' id='word_1_140' title='bbox 807 2155 966 2222; x_wconf 82' lang='lat' dir='ltr'>Schoellii</span> <span class='ocrx_word' id='word_1_141' title='bbox 989 2154 1031 2221; x_wconf 91' lang='lat' dir='ltr'>ad</span> <span class='ocrx_word' id='word_1_142' title='bbox 1055 2153 1140 2221; x_wconf 88' lang='lat' dir='ltr'>Rud.</span> <span class='ocrx_word' id='word_1_143' title='bbox 1165 2177 1196 2221; x_wconf 92' lang='grc'>6.</span> <span class='ocrx_word' id='word_1_144' title='bbox 1222 2155 1287 2221; x_wconf 91' lang='grc'>666</span> <span class='ocrx_word' id='word_1_145' title='bbox 1312 2158 1415 2239; x_wconf 93' lang='lat' dir='ltr'>inqui·</span> 
     </span>
     <span class='ocr_line' id='line_1_18' title="bbox 241 2260 1416 2350; baseline -0.005 -20"><span class='ocrx_word' id='word_1_146' title='bbox 241 2286 323 2349; x_wconf 82' lang='lat' dir='ltr'>rere,</span> <span class='ocrx_word' id='word_1_147' title='bbox 347 2265 404 2348; x_wconf 89' lang='lat' dir='ltr'>qui</span> <span class='ocrx_word' id='word_1_148' title='bbox 429 2264 564 2329; x_wconf 89' lang='lat' dir='ltr'>anculas</span> <span class='ocrx_word' id='word_1_149' title='bbox 587 2287 645 2350; x_wconf 93' lang='lat' dir='ltr'>pro</span> <span class='ocrx_word' id='word_1_150' title='bbox 670 2262 756 2327; x_wconf 88' lang='lat' dir='ltr'>divis</span> <span class='ocrx_word' id='word_1_151' title='bbox 779 2262 848 2328; x_wconf 93' lang='lat' dir='ltr'>illis</span> <span class='ocrx_word' id='word_1_152' title='bbox 872 2262 1091 2327; x_wconf 88' lang='lat' dir='ltr'>adiutrioibus</span> <span class='ocrx_word' id='word_1_153' title='bbox 1116 2260 1224 2326; x_wconf 86' lang='lat' dir='ltr'>dicere</span> <span class='ocrx_word' id='word_1_154' title='bbox 1246 2260 1337 2345; x_wconf 85' lang='lat' dir='ltr'>vult;</span> <span class='ocrx_word' id='word_1_155' title='bbox 1360 2284 1416 2348; x_wconf 93' lang='lat' dir='ltr'>po·</span> 
     </span>
     <span class='ocr_line' id='line_1_19' title="bbox 240 2368 1416 2456; baseline -0.003 -21"><span class='ocrx_word' id='word_1_156' title='bbox 240 2373 306 2435; x_wconf 88' lang='lat' dir='ltr'>tuit</span> <span class='ocrx_word' id='word_1_157' title='bbox 327 2368 400 2435; x_wconf 88' lang='lat' dir='ltr'>fieri</span> <span class='ocrx_word' id='word_1_158' title='bbox 422 2376 459 2435; x_wconf 91' lang='lat' dir='ltr'>ut</span> <span class='ocrx_word' id='word_1_159' title='bbox 481 2370 516 2434; x_wconf 90' lang='lat' dir='ltr'>in</span> <span class='ocrx_word' id='word_1_160' title='bbox 540 2372 642 2435; x_wconf 88' lang='lat' dir='ltr'>sacris</span> <span class='ocrx_word' id='word_1_161' title='bbox 667 2378 701 2434; x_wconf 91' lang='lat' dir='ltr'>et</span> <span class='ocrx_word' id='word_1_162' title='bbox 724 2368 888 2452; x_wconf 88' lang='lat' dir='ltr'>omnibus,</span> <span class='ocrx_word' id='word_1_163' title='bbox 919 2391 1003 2456; x_wconf 88' lang='lat' dir='ltr'>quae</span> <span class='ocrx_word' id='word_1_164' title='bbox 1037 2368 1080 2434; x_wconf 90' lang='lat' dir='ltr'>ad</span> <span class='ocrx_word' id='word_1_165' title='bbox 1110 2390 1163 2433; x_wconf 86' lang='lat' dir='ltr'>rea</span> <span class='ocrx_word' id='word_1_166' title='bbox 1187 2368 1319 2434; x_wconf 90' lang='lat' dir='ltr'>divinas</span> <span class='ocrx_word' id='word_1_167' title='bbox 1346 2392 1416 2455; x_wconf 93' lang='lat' dir='ltr'>per·</span> 
     </span>
     <span class='ocr_line' id='line_1_20' title="bbox 241 2475 1263 2562; baseline 0.001 -21"><span class='ocrx_word' id='word_1_168' title='bbox 241 2477 404 2559; x_wconf 88' lang='lat' dir='ltr'>tinebant,</span> <span class='ocrx_word' id='word_1_169' title='bbox 428 2479 514 2540; x_wconf 87' lang='lat' dir='ltr'>inter</span> <span class='ocrx_word' id='word_1_170' title='bbox 537 2476 621 2540; x_wconf 90' lang='lat' dir='ltr'>alias</span> <span class='ocrx_word' id='word_1_171' title='bbox 645 2475 783 2542; x_wconf 88' lang='lat' dir='ltr'>ethaeo</span> <span class='ocrx_word' id='word_1_172' title='bbox 809 2497 870 2539; x_wconf 81' lang='lat' dir='ltr'>vox</span> <span class='ocrx_word' id='word_1_173' title='bbox 894 2497 984 2540; x_wconf 88' lang='lat' dir='ltr'>more</span> <span class='ocrx_word' id='word_1_174' title='bbox 1009 2485 1141 2562; x_wconf 85' lang='lat' dir='ltr'>recepta</span> <span class='ocrx_word' id='word_1_175' title='bbox 1165 2484 1263 2543; x_wconf 88' lang='lat' dir='ltr'>esset.</span> 
     </span>
    </p>

    <p class='ocr_par' dir='ltr' id='par_1_4' title="bbox 241 2579 1418 4055">
     <span class='ocr_line' id='line_1_21' title="bbox 330 2579 1415 2669; baseline -0.004 -20"><span class='ocrx_word' id='word_1_176' title='bbox 330 2582 510 2665; x_wconf 84' lang='lat' dir='ltr'>avonculus,</span> <span class='ocrx_word' id='word_1_177' title='bbox 532 2580 780 2645; x_wconf 85' lang='lat' dir='ltr'>Mutterbruder</span> <span class='ocrx_word' id='word_1_178' title='bbox 803 2579 942 2669; x_wconf 69' lang='grc' dir='ltr'><strong>μήτρως,</strong></span> <span class='ocrx_word' id='word_1_179' title='bbox 966 2584 1070 2646; x_wconf 86' lang='lat' dir='ltr'>traxit</span> <span class='ocrx_word' id='word_1_180' title='bbox 1094 2580 1347 2667; x_wconf 88' lang='lat' dir='ltr'>appellationem</span> <span class='ocrx_word' id='word_1_181' title='bbox 1373 2580 1415 2645; x_wconf 96' lang='lat' dir='ltr'>ab</span> 
     </span>
     <span class='ocr_line' id='line_1_22' title="bbox 242 2685 1414 2774; baseline -0.001 -20"><span class='ocrx_word' id='word_1_182' title='bbox 242 2711 291 2770; x_wconf 97' lang='grc'>66,</span> <span class='ocrx_word' id='word_1_183' title='bbox 316 2726 357 2737; x_wconf 86' lang='grc'><strong>-</strong></span> <span class='ocrx_word' id='word_1_184' title='bbox 383 2695 419 2754; x_wconf 90' lang='lat' dir='ltr'>ut</span> <span class='ocrx_word' id='word_1_185' title='bbox 444 2688 536 2752; x_wconf 89' lang='lat' dir='ltr'>Paul.</span> <span class='ocrx_word' id='word_1_186' title='bbox 556 2688 644 2754; x_wconf 81' lang='lat' dir='ltr'>Fest.</span> <span class='ocrx_word' id='word_1_187' title='bbox 669 2695 765 2774; x_wconf 89' lang='lat' dir='ltr'>putat</span> <span class='ocrx_word' id='word_1_188' title='bbox 789 2724 830 2734; x_wconf 88' lang='lat'><em>-</em></span> <span class='ocrx_word' id='word_1_189' title='bbox 855 2685 942 2771; x_wconf 90' lang='lat' dir='ltr'>quod</span> <span class='ocrx_word' id='word_1_190' title='bbox 966 2707 1070 2771; x_wconf 87' lang='lat' dir='ltr'>aeque</span> <span class='ocrx_word' id='word_1_191' title='bbox 1094 2689 1216 2751; x_wconf 91' lang='lat' dir='ltr'>tertius</span> <span class='ocrx_word' id='word_1_192' title='bbox 1239 2709 1260 2751; x_wconf 98' lang='grc'>6</span> <span class='ocrx_word' id='word_1_193' title='bbox 1283 2710 1344 2768; x_wconf 84' lang='lat' dir='ltr'>me,</span> <span class='ocrx_word' id='word_1_194' title='bbox 1376 2693 1414 2753; x_wconf 86' lang='lat' dir='ltr'>ut</span> 
     </span>
     <span class='ocr_line' id='line_1_23' title="bbox 243 2791 1415 2877; baseline -0.003 -16"><span class='ocrx_word' id='word_1_195' title='bbox 243 2812 335 2877; x_wconf 84' lang='lat' dir='ltr'>avus,</span> <span class='ocrx_word' id='word_1_196' title='bbox 362 2800 423 2877; x_wconf 86' lang='lat' dir='ltr'>est,</span> <span class='ocrx_word' id='word_1_197' title='bbox 448 2794 587 2860; x_wconf 88' lang='lat' dir='ltr'>sednon</span> <span class='ocrx_word' id='word_1_198' title='bbox 614 2792 760 2859; x_wconf 85' lang='lat' dir='ltr'>eiusdem</span> <span class='ocrx_word' id='word_1_199' title='bbox 784 2794 881 2857; x_wconf 87' lang='lat' dir='ltr'>iuria:</span> <span class='ocrx_word' id='word_1_200' title='bbox 912 2794 1052 2877; x_wconf 86' lang='lat' dir='ltr'>ideoque</span> <span class='ocrx_word' id='word_1_201' title='bbox 1075 2791 1230 2859; x_wconf 84' lang='lat' dir='ltr'>vocabuli</span> <span class='ocrx_word' id='word_1_202' title='bbox 1254 2792 1342 2857; x_wconf 81' lang='lat' dir='ltr'>facta</span> <span class='ocrx_word' id='word_1_203' title='bbox 1366 2792 1415 2858; x_wconf 88' lang='lat' dir='ltr'>di·</span> 
     </span>
     <span class='ocr_line' id='line_1_24' title="bbox 241 2899 1418 2987; baseline -0.002 -20"><span class='ocrx_word' id='word_1_204' title='bbox 241 2904 382 2968; x_wconf 90' lang='lat' dir='ltr'>minutio</span> <span class='ocrx_word' id='word_1_205' title='bbox 407 2910 466 2967; x_wconf 90' lang='lat' dir='ltr'>est.</span> <span class='ocrx_word' id='word_1_206' title='bbox 515 2900 592 2967; x_wconf 84' lang='lat' dir='ltr'>Sive</span> <span class='ocrx_word' id='word_1_207' title='bbox 617 2901 799 2966; x_wconf 85' lang='lat' dir='ltr'>avunculus</span> <span class='ocrx_word' id='word_1_208' title='bbox 822 2899 1017 2987; x_wconf 87' lang='lat' dir='ltr'>appellatur,</span> <span class='ocrx_word' id='word_1_209' title='bbox 1042 2899 1128 2985; x_wconf 94' lang='lat' dir='ltr'>quod</span> <span class='ocrx_word' id='word_1_210' title='bbox 1152 2902 1206 2965; x_wconf 92' lang='lat' dir='ltr'>avi</span> <span class='ocrx_word' id='word_1_211' title='bbox 1228 2900 1339 2965; x_wconf 92' lang='lat' dir='ltr'>locum</span> <span class='ocrx_word' id='word_1_212' title='bbox 1360 2900 1418 2966; x_wconf 93' lang='lat' dir='ltr'>ob·</span> 
     </span>
     <span class='ocr_line' id='line_1_25' title="bbox 242 3005 1416 3094; baseline -0.004 -19"><span class='ocrx_word' id='word_1_213' title='bbox 242 3012 350 3075; x_wconf 89' lang='lat' dir='ltr'>tineat</span> <span class='ocrx_word' id='word_1_214' title='bbox 382 3019 415 3075; x_wconf 90' lang='lat' dir='ltr'>et</span> <span class='ocrx_word' id='word_1_215' title='bbox 438 3010 651 3094; x_wconf 83' lang='lat' dir='ltr'>proximitate</span> <span class='ocrx_word' id='word_1_216' title='bbox 675 3014 810 3073; x_wconf 87' lang='lat' dir='ltr'>tueatur</span> <span class='ocrx_word' id='word_1_217' title='bbox 833 3010 953 3073; x_wconf 80' lang='lat' dir='ltr'>sororis</span> <span class='ocrx_word' id='word_1_218' title='bbox 978 3006 1090 3072; x_wconf 90' lang='lat' dir='ltr'>filiam.</span> <span class='ocrx_word' id='word_1_219' title='bbox 1139 3005 1236 3073; x_wconf 82' lang='lat' dir='ltr'>Certo</span> <span class='ocrx_word' id='word_1_220' title='bbox 1269 3006 1311 3073; x_wconf 94' lang='lat' dir='ltr'>ab</span> <span class='ocrx_word' id='word_1_221' title='bbox 1345 3030 1416 3091; x_wconf 88' lang='grc'><strong>666,</strong></span> 
     </span>
     <span class='ocr_line' id='line_1_26' title="bbox 241 3112 1416 3195; baseline -0.005 -14"><span class='ocrx_word' id='word_1_222' title='bbox 241 3115 467 3182; x_wconf 89' lang='lat' dir='ltr'>rniitterliober</span> <span class='ocrx_word' id='word_1_223' title='bbox 491 3114 690 3180; x_wconf 81' lang='lat' dir='ltr'>Grossvater</span> <span class='ocrx_word' id='word_1_224' title='bbox 714 3114 892 3181; x_wconf 87' lang='lat' dir='ltr'>derivatur.</span> <span class='ocrx_word' id='word_1_225' title='bbox 937 3114 1049 3179; x_wconf 83' lang='lat' dir='ltr'>Celtas</span> <span class='ocrx_word' id='word_1_226' title='bbox 1074 3137 1147 3179; x_wconf 86' lang='lat' dir='ltr'>eum</span> <span class='ocrx_word' id='word_1_227' title='bbox 1164 3113 1308 3195; x_wconf 81' lang='lat' dir='ltr'>„ooitor,“</span> <span class='ocrx_word' id='word_1_228' title='bbox 1334 3112 1416 3177; x_wconf 88' lang='lat' dir='ltr'>Ger·</span> 
     </span>
     <span class='ocr_line' id='line_1_27' title="bbox 241 3217 1416 3307; baseline -0.004 -20"><span class='ocrx_word' id='word_1_229' title='bbox 241 3224 331 3287; x_wconf 91' lang='lat' dir='ltr'>mani</span> <span class='ocrx_word' id='word_1_230' title='bbox 363 3220 536 3306; x_wconf 86' lang='lat' dir='ltr'>‚,0hcim‚“</span> <span class='ocrx_word' id='word_1_231' title='bbox 570 3220 744 3286; x_wconf 88' lang='lat' dir='ltr'>Lithuanii</span> <span class='ocrx_word' id='word_1_232' title='bbox 776 3223 954 3307; x_wconf 75' lang='lat' dir='ltr'>,‚ooynos“‚</span> <span class='ocrx_word' id='word_1_233' title='bbox 988 3218 1082 3285; x_wconf 79' lang='lat' dir='ltr'>Slavi</span> <span class='ocrx_word' id='word_1_234' title='bbox 1113 3225 1201 3303; x_wconf 68' lang='grc' dir='ltr'>,666ι</span> <span class='ocrx_word' id='word_1_235' title='bbox 1235 3217 1416 3303; x_wconf 82' lang='grc'><strong>666611661.</strong></span> 
     </span>
     <span class='ocr_line' id='line_1_28' title="bbox 242 3324 1416 3411; baseline -0.003 -18"><span class='ocrx_word' id='word_1_236' title='bbox 242 3328 365 3394; x_wconf 86' lang='lat' dir='ltr'>Omnes</span> <span class='ocrx_word' id='word_1_237' title='bbox 389 3328 451 3393; x_wconf 86' lang='lat' dir='ltr'>hae</span> <span class='ocrx_word' id='word_1_238' title='bbox 469 3349 566 3392; x_wconf 85' lang='lat' dir='ltr'>voces</span> <span class='ocrx_word' id='word_1_239' title='bbox 583 3326 625 3392; x_wconf 88' lang='lat' dir='ltr'>ab</span> <span class='ocrx_word' id='word_1_240' title='bbox 642 3327 754 3391; x_wconf 89' lang='grc'><strong>*666-6</strong></span> <span class='ocrx_word' id='word_1_241' title='bbox 773 3326 931 3391; x_wconf 87' lang='lat' dir='ltr'>deductae</span> <span class='ocrx_word' id='word_1_242' title='bbox 948 3331 1035 3410; x_wconf 88' lang='lat' dir='ltr'>sunt,</span> <span class='ocrx_word' id='word_1_243' title='bbox 1059 3324 1146 3411; x_wconf 90' lang='lat' dir='ltr'>quod</span> <span class='ocrx_word' id='word_1_244' title='bbox 1163 3324 1296 3389; x_wconf 88' lang='lat' dir='ltr'>verbum</span> <span class='ocrx_word' id='word_1_245' title='bbox 1317 3345 1416 3411; x_wconf 85' lang='lat' dir='ltr'>prope</span> 
     </span>
     <span class='ocr_line' id='line_1_29' title="bbox 242 3430 1417 3517; baseline -0.005 -17"><span class='ocrx_word' id='word_1_246' title='bbox 242 3435 380 3501; x_wconf 88' lang='lat' dir='ltr'>eandem</span> <span class='ocrx_word' id='word_1_247' title='bbox 405 3434 507 3500; x_wconf 87' lang='lat' dir='ltr'>habet</span> <span class='ocrx_word' id='word_1_248' title='bbox 532 3433 806 3517; x_wconf 89' lang='lat' dir='ltr'>significationem</span> <span class='ocrx_word' id='word_1_249' title='bbox 830 3455 929 3517; x_wconf 91' lang='lat' dir='ltr'>quam</span> <span class='ocrx_word' id='word_1_250' title='bbox 952 3432 1060 3497; x_wconf 88' lang='lat' dir='ltr'>fautor</span> <span class='ocrx_word' id='word_1_251' title='bbox 1084 3431 1240 3497; x_wconf 85' lang='lat' dir='ltr'>Goenner</span> <span class='ocrx_word' id='word_1_252' title='bbox 1263 3430 1315 3509; x_wconf 88' lang='lat' dir='ltr'>(of.</span> <span class='ocrx_word' id='word_1_253' title='bbox 1340 3430 1417 3495; x_wconf 88' lang='lat' dir='ltr'>Del·</span> 
     </span>
     <span class='ocr_line' id='line_1_30' title="bbox 242 3537 1415 3626; baseline -0.005 -19"><span class='ocrx_word' id='word_1_254' title='bbox 242 3540 377 3611; x_wconf 85' lang='lat' dir='ltr'>brueok.</span> <span class='ocrx_word' id='word_1_255' title='bbox 423 3537 735 3626; x_wconf 83' lang='lat' dir='ltr'>Indogerrnaniache</span> <span class='ocrx_word' id='word_1_256' title='bbox 767 3538 1197 3605; x_wconf 80' lang='lat' dir='ltr'>Verwandtschaltsnamen</span> <span class='ocrx_word' id='word_1_257' title='bbox 1236 3560 1283 3624; x_wconf 91' lang='lat' dir='ltr'>pr.</span> <span class='ocrx_word' id='word_1_258' title='bbox 1324 3537 1415 3620; x_wconf 82' lang='lat'><strong>501.)</strong></span> 
     </span>
     <span class='ocr_line' id='line_1_31' title="bbox 242 3645 1418 3732; baseline -0.003 -17"><span class='ocrx_word' id='word_1_259' title='bbox 242 3647 484 3715; x_wconf 84' lang='lat' dir='ltr'>Delbrueckius</span> <span class='ocrx_word' id='word_1_260' title='bbox 507 3649 577 3713; x_wconf 89' lang='lat' dir='ltr'>veri</span> <span class='ocrx_word' id='word_1_261' title='bbox 601 3645 759 3714; x_wconf 79' lang='lat' dir='ltr'>dissimile</span> <span class='ocrx_word' id='word_1_262' title='bbox 785 3669 848 3711; x_wconf 91' lang='lat' dir='ltr'>non</span> <span class='ocrx_word' id='word_1_263' title='bbox 873 3667 947 3712; x_wconf 88' lang='lat' dir='ltr'>esso</span> <span class='ocrx_word' id='word_1_264' title='bbox 969 3652 1075 3732; x_wconf 87' lang='lat' dir='ltr'>putat,</span> <span class='ocrx_word' id='word_1_265' title='bbox 1098 3647 1207 3714; x_wconf 78' lang='lat' dir='ltr'>*ooo-e</span> <span class='ocrx_word' id='word_1_266' title='bbox 1230 3646 1359 3708; x_wconf 80' lang='lat' dir='ltr'>nomino</span> <span class='ocrx_word' id='word_1_267' title='bbox 1383 3649 1418 3708; x_wconf 82' lang='lat' dir='ltr'>et</span> 
     </span>
     <span class='ocr_line' id='line_1_32' title="bbox 243 3752 1416 3840; baseline -0.004 -19"><span class='ocrx_word' id='word_1_268' title='bbox 243 3757 376 3821; x_wconf 84' lang='lat' dir='ltr'>tratrem</span> <span class='ocrx_word' id='word_1_269' title='bbox 395 3763 429 3821; x_wconf 90' lang='lat' dir='ltr'>et</span> <span class='ocrx_word' id='word_1_270' title='bbox 443 3760 570 3840; x_wconf 88' lang='lat' dir='ltr'>patrem</span> <span class='ocrx_word' id='word_1_271' title='bbox 587 3757 705 3819; x_wconf 89' lang='lat' dir='ltr'>matris</span> <span class='ocrx_word' id='word_1_272' title='bbox 722 3752 944 3840; x_wconf 87' lang='lat' dir='ltr'>significatum</span> <span class='ocrx_word' id='word_1_273' title='bbox 960 3754 1070 3818; x_wconf 81' lang='lat' dir='ltr'>fuisse.</span> <span class='ocrx_word' id='word_1_274' title='bbox 1096 3753 1218 3818; x_wconf 87' lang='lat' dir='ltr'>Postea</span> <span class='ocrx_word' id='word_1_275' title='bbox 1233 3771 1306 3816; x_wconf 92' lang='lat' dir='ltr'>oum</span> <span class='ocrx_word' id='word_1_276' title='bbox 1322 3771 1416 3816; x_wconf 89' lang='lat' dir='ltr'>accu-</span> 
     </span>
     <span class='ocr_line' id='line_1_33' title="bbox 241 3857 1410 3943; baseline -0.004 -16"><span class='ocrx_word' id='word_1_277' title='bbox 241 3866 347 3929; x_wconf 88' lang='lat' dir='ltr'>ratius</span> <span class='ocrx_word' id='word_1_278' title='bbox 364 3883 419 3926; x_wconf 93' lang='grc'>666</span> <span class='ocrx_word' id='word_1_279' title='bbox 442 3863 605 3925; x_wconf 89' lang='lat' dir='ltr'>nominari</span> <span class='ocrx_word' id='word_1_280' title='bbox 628 3859 880 3943; x_wconf 85' lang='lat' dir='ltr'>desideraretur,</span> <span class='ocrx_word' id='word_1_281' title='bbox 905 3860 1128 3925; x_wconf 87' lang='lat' dir='ltr'>derivationes</span> <span class='ocrx_word' id='word_1_282' title='bbox 1154 3857 1228 3922; x_wconf 89' lang='lat' dir='ltr'>illas</span> <span class='ocrx_word' id='word_1_283' title='bbox 1252 3858 1410 3922; x_wconf 77' lang='lat' dir='ltr'>formatas</span> 
     </span>
     <span class='ocr_line' id='line_1_34' title="bbox 243 3966 1416 4055; baseline -0.004 -21"><span class='ocrx_word' id='word_1_284' title='bbox 243 3991 332 4050; x_wconf 84' lang='lat' dir='ltr'>esse,</span> <span class='ocrx_word' id='word_1_285' title='bbox 355 3977 507 4033; x_wconf 63' lang='lat' dir='ltr'>&#39;osterum</span> <span class='ocrx_word' id='word_1_286' title='bbox 537 3972 651 4051; x_wconf 83' lang='lat' dir='ltr'>negari</span> <span class='ocrx_word' id='word_1_287' title='bbox 681 3991 744 4033; x_wconf 84' lang='lat' dir='ltr'>uon</span> <span class='ocrx_word' id='word_1_288' title='bbox 773 3989 871 4055; x_wconf 90' lang='lat' dir='ltr'>posse</span> <span class='ocrx_word' id='word_1_289' title='bbox 900 3970 1047 4051; x_wconf 89' lang='lat' dir='ltr'>omnino,</span> <span class='ocrx_word' id='word_1_290' title='bbox 1081 3967 1146 4030; x_wconf 88' lang='lat' dir='ltr'>iam</span> <span class='ocrx_word' id='word_1_291' title='bbox 1176 3966 1416 4049; x_wconf 88' lang='lat' dir='ltr'>antiquissimis</span> 
     </span>
    </p>
   </div>
   <div class='ocr_carea' id='block_1_3' title="bbox 242 4069 1420 4375">
    <p class='ocr_par' dir='ltr' id='par_1_5' title="bbox 242 4069 1420 4375">
     <span class='ocr_line' id='line_1_35' title="bbox 242 4069 1418 4163; baseline -0.005 -23"><span class='ocrx_word' id='word_1_292' title='bbox 242 4074 445 4163; x_wconf 89' lang='lat' dir='ltr'>temporibus</span> <span class='ocrx_word' id='word_1_293' title='bbox 469 4074 636 4160; x_wconf 90' lang='lat' dir='ltr'>parvulum</span> <span class='ocrx_word' id='word_1_294' title='bbox 660 4076 771 4141; x_wconf 78' lang='lat' dir='ltr'>*ooo-e</span> <span class='ocrx_word' id='word_1_295' title='bbox 794 4072 920 4138; x_wconf 84' lang='lat' dir='ltr'>dictum</span> <span class='ocrx_word' id='word_1_296' title='bbox 945 4094 1026 4141; x_wconf 83' lang='lat' dir='ltr'>esse.</span> <span class='ocrx_word' id='word_1_297' title='bbox 1072 4070 1117 4136; x_wconf 79' lang='lat' dir='ltr'>ut</span> <span class='ocrx_word' id='word_1_298' title='bbox 1139 4094 1171 4158; x_wconf 86' lang='lat' dir='ltr'>p.</span> <span class='ocrx_word' id='word_1_299' title='bbox 1188 4070 1254 4136; x_wconf 78' lang='grc'>686</span> <span class='ocrx_word' id='word_1_300' title='bbox 1270 4092 1340 4157; x_wconf 88' lang='lat' dir='ltr'>sqq.</span> <span class='ocrx_word' id='word_1_301' title='bbox 1361 4069 1418 4135; x_wconf 89' lang='lat' dir='ltr'>ubi</span> 
     </span>
     <span class='ocr_line' id='line_1_36' title="bbox 244 4178 1416 4268; baseline -0.004 -22"><span class='ocrx_word' id='word_1_302' title='bbox 244 4182 284 4247; x_wconf 91' lang='lat' dir='ltr'>de</span> <span class='ocrx_word' id='word_1_303' title='bbox 308 4180 485 4247; x_wconf 90' lang='lat' dir='ltr'>bonoribus</span> <span class='ocrx_word' id='word_1_304' title='bbox 508 4183 580 4265; x_wconf 85' lang='lat' dir='ltr'>agit</span> <span class='ocrx_word' id='word_1_305' title='bbox 604 4182 723 4265; x_wconf 91' lang='lat' dir='ltr'>quibus</span> <span class='ocrx_word' id='word_1_306' title='bbox 746 4178 834 4268; x_wconf 91' lang='lat' dir='ltr'>apud</span> <span class='ocrx_word' id='word_1_307' title='bbox 852 4178 951 4246; x_wconf 87' lang='lat' dir='ltr'>ludos</span> <span class='ocrx_word' id='word_1_308' title='bbox 974 4180 1074 4245; x_wconf 87' lang='lat' dir='ltr'>fructi</span> <span class='ocrx_word' id='word_1_309' title='bbox 1090 4186 1168 4244; x_wconf 90' lang='lat' dir='ltr'>sunt</span> <span class='ocrx_word' id='word_1_310' title='bbox 1179 4185 1307 4267; x_wconf 76' lang='lat' dir='ltr'>pitroyo</span> <span class='ocrx_word' id='word_1_311' title='bbox 1323 4179 1416 4264; x_wconf 82' lang='lat' dir='ltr'>(„pa·</span> 
     </span>
     <span class='ocr_line' id='line_1_37' title="bbox 244 4284 1420 4375; baseline -0.004 -22"><span class='ocrx_word' id='word_1_312' title='bbox 244 4291 370 4371; x_wconf 85' lang='lat' dir='ltr'>truus“)</span> <span class='ocrx_word' id='word_1_313' title='bbox 404 4296 437 4353; x_wconf 86' lang='lat' dir='ltr'>et</span> <span class='ocrx_word' id='word_1_314' title='bbox 459 4292 576 4355; x_wconf 80' lang='lat' dir='ltr'>motolo</span> <span class='ocrx_word' id='word_1_315' title='bbox 611 4284 879 4375; x_wconf 68' lang='lat' dir='ltr'>(„avunoulus¹‘)‚</span> <span class='ocrx_word' id='word_1_316' title='bbox 915 4286 1094 4373; x_wconf 87' lang='lat' dir='ltr'>Hopkinsii</span> <span class='ocrx_word' id='word_1_317' title='bbox 1118 4285 1211 4351; x_wconf 86' lang='lat' dir='ltr'>affert</span> <span class='ocrx_word' id='word_1_318' title='bbox 1234 4286 1318 4349; x_wconf 90' lang='lat' dir='ltr'>banc</span> <span class='ocrx_word' id='word_1_319' title='bbox 1346 4304 1420 4349; x_wconf 88' lang='grc'><strong>666-</strong></span> 
     </span>
    </p>
   </div>
   <div class='ocr_carea' id='block_1_4' title="bbox 0 0 1595 4984">
    <p class='ocr_par' dir='ltr' id='par_1_6' title="bbox 0 0 1595 4984">
     <span class='ocr_line' id='line_1_38' title="bbox 0 0 1595 4984; baseline 0 0"><span class='ocrx_word' id='word_1_320' title='bbox 0 0 1595 4984; x_wconf 95' lang='lat' dir='ltr'> </span> 
     </span>
    </p>
   </div>
  </div>
 </body>
</html>
