3175 4984
789 335 1030 401 «42»

425 529 570 593 servolus.
617 526 690 590 Non
714 528 746 589 in
773 531 868 592 textu
891 529 963 612 ipso
987 526 1174 592 fabularum
1190 527 1309 607 solum,
1334 527 1512 592 sedetiam

335 636 370 699 in
395 636 597 721 argumentis
620 634 701 699 haec
726 657 788 700 vox
813 637 966 717 occurrit,
999 656 1134 720 quorum
1158 635 1248 701 locos
1273 659 1339 700 non
1362 635 1511 718 afferam,

337 763 412 807 cum
436 744 594 828 temporis
618 744 808 827 posterioris
833 744 907 807 sint.
951 742 1087 806 Habeas
1110 742 1192 808 haec
1216 741 1368 828 exempla
1391 742 1512 828 Amph.

336 848 422 913 987:
457 848 545 912 Nam
572 848 654 912 mibi
682 847 814 932 quidem
845 847 952 913 hercle
987 851 1042 934 qui
1069 852 1176 914 minus
1206 850 1307 914 liceat
1332 848 1391 912 deo
1416 851 1514 912 mini-

335 955 438 1017 tarier
461 953 597 1040 Populo,
628 957 659 1019 ni
685 952 826 1019 decedat
849 954 939 1038 mihi,
970 976 1068 1038 quam
1098 954 1225 1021 servolo
1249 958 1283 1018 in
1309 954 1515 1021 comoediis?

336 1059 425 1127 Men.
438 1060 524 1125 339:
548 1082 671 1124 morem
687 1060 773 1125 hunc
789 1062 978 1126 meretrices
994 1060 1135 1130 habent:
1159 1060 1214 1125 Ad
1229 1066 1361 1147 portum
1377 1064 1515 1127 mittunt

336 1166 489 1248 servolos,
514 1165 696 1231 ancillulas.
738 1166 814 1231 Ter.
830 1166 933 1231 Andr.
952 1167 1013 1234 83:
1038 1167 1253 1233 observabam
1270 1190 1366 1233 mana
1382 1168 1515 1232 illorum

337 1271 482 1336 servolos
506 1271 679 1337 Venientis
703 1279 761 1337 aut
785 1272 948 1336 abeuntis.

425 1381 586 1445 sororcula
609 1376 697 1463 apud
721 1378 825 1446 Prisc.
849 1378 931 1443 Inst.
956 1378 1024 1462 111,
1055 1378 1099 1445 30
1123 1401 1218 1464 quem
1243 1379 1350 1445 locum
1375 1379 1512 1445 aliunde

337 1504 401 1547 non
427 1486 594 1569 cognitum
618 1483 713 1549 affert
736 1506 753 1547 a
777 1482 985 1552 Cistellaria:
1009 1506 1168 1571 germana
1190 1508 1265 1551 mea
1289 1466 1462 1555 sororcula.

426 1594 587 1672 cicercula,
611 1589 685 1655 (las.
709 1591 796 1658 844:
821 1591 898 1655 Mea
922 1592 1077 1656 uxorcula
1100 1613 1184 1677 quae
1208 1592 1287 1658 res?
1325 1592 1406 1660 ibid.
1430 1593 1514 1664 9172

337 1700 468 1765 Amabo
493 1722 566 1766 mea
590 1700 731 1782 uxorcla,
755 1703 898 1786 inquam,
922 1698 987 1766 Cur
1010 1707 1101 1763 tuom
1118 1702 1224 1764 virum
1249 1703 1297 1764 sic
1314 1700 1465 1786 spernis‘l

425 1811 582 1890 uaoraalo,
614 1807 748 1873 Sitellit.
780 1808 843 1892 frg.
868 1807 886 1872 I
909 1805 1031 1893 (Wint.
1062 1829 1093 1892 p.
1117 1807 1184 1890 47).
1233 1806 1388 1870 Mulieres
1419 1828 1515 1871 uxor-

338 1914 473 1997 culavit,
492 1936 552 1999 ego
570 1916 657 1996 novi,
674 1916 742 1977 soie
760 1915 945 1977 axitiosarn.
986 1910 1105 1977 Confer
1121 1918 1234 1975 tamen
1251 1911 1377 1977 Loewii
1397 1912 1512 1979 Prodi.

337 2042 368 2105 p.
393 2020 469 2099 280,
495 2017 570 2087 adn.
596 2021 624 2083 1.

428 2127 586 2191 Praetera
599 2124 738 2189 offerunt
750 2126 908 2212 puerulus
921 2126 993 2195 Ino.
1007 2129 1069 2190 ino.
1085 2124 1150 2190 lab.
1165 2126 1228 2209 95,
1245 2126 1379 2190 femella
1391 2125 1513 2193 Catull.

337 2233 390 2317 55,
409 2236 446 2317 7,
470 2233 602 2320 pupula,
621 2232 884 2317 calaritano,
903 2234 1045 2321 pupulus
1063 2230 1182 2299 Catuli.
1200 2236 1253 2315 56,
1270 2234 1306 2314 5,
1332 2235 1514 2300 scortillum

336 2339 458 2407 Catull.
485 2343 535 2421 10,
559 2341 590 2407 3,

428 2446 548 2511 Graeci
561 2446 722 2532 praebent
734 2447 830 2511 haec:
856 2445 1086 2533 άνδραπόδιον,
1103 2446 1227 2532 Diphil.
1241 2448 1301 2531 80,
1326 2444 1513 2534 άνδράριον,

336 2554 393 2619 Ar.
417 2552 498 2618 Aeh.
524 2554 609 2635 517,
635 2550 838 2637 άνδροίπιον,
862 2554 937 2618 Eur.
956 2552 1048 2638 Cyol.
1070 2553 1148 2636 183,
1174 2550 1410 2639 ἀνθρωπίσκος,
1434 2553 1511 2623 Eur.

337 2656 426 2745 Oyol.
453 2658 534 2741 314,
566 2655 741 2745 άπράριον,
764 2659 927 2725 Xenarch.
953 2664 991 2743 2,
1016 2658 1213 2743 Βοιωτίδιον,
1235 2660 1292 2726 Ar.
1317 2659 1401 2725 Ach.
1426 2662 1511 2745 872,

334 2762 538 2851 βρεφύλλιον,
554 2766 634 2829 Luc.
653 2767 688 2849 9,
713 2763 892 2849 γερόντιον,
908 2766 965 2832 Ar.
983 2766 1061 2830 Ach.
1079 2767 1161 2849 993,
1186 2765 1327 2848 γύναιον,
1353 2766 1426 2830 Alo.
1443 2767 1513 2849 ΠΙ,

335 2871 396 2954 50,
430 2870 647 2949 δεσποτίσκος,
677 2871 756 2940 Eur.
782 2870 873 2956 (iycl.
898 2872 980 2955 265,
1014 2872 1270 2957 θεραπαινίδιον,
1300 2872 1371 2937 Alc.
1395 2872 1423 2957 Ι,
1448 2873 1515 2959 35,

334 2977 525 3063 θυγάτριον,
550 2978 713 3049 Xenarob
742 2979 796 3061 12,
826 2976 988 3063 κοράσιον,
1014 2978 1190 3067 Philippid.
1216 2980 1276 3062 36,
1308 2977 1429 3065 κορίον,
1454 2982 1512 3045 Ar.

337 3086 418 3151 Ach.
446 3086 527 3168 731,
551 3084 692 3172 κορίσκη,
719 3086 859 3154 Timocl.
884 3086 944 3168 22,
967 3083 1316 3171 auvodpeov,11uo.63
1340 3085 1514 3172 μειράκιον,

335 3191 460 3278 Diphil.
477 3192 540 3274 43,
564 3190 770 3276 μειρακίσκος,
790 3191 904 3257 Alexis
921 3194 979 3275 36,
1002 3191 1233 3278 μειρακιῖλλιον,
1250 3193 1439 3258 Anaxandr.
1454 3193 1512 3275 33,

337 3296 505 3379 νεανίσκος,
541 3297 658 3361 Alexis
685 3301 765 3382 111,
806 3297 983 3383 ξενάδριον,
1012 3297 1183 3363 Menandr.
1208 3300 1293 3384 462,
1331 3297 1513 3384 παιδάριον,

336 3405 451 3470 Alexis
476 3405 560 3484 209,
594 3402 727 3483 παιδίον,
764 3404 821 3471 Ar.
848 3406 931 3469 Ach.
958 3407 1041 3487 132,
1075 3404 1309 3489 παιδισκάριον,
1340 3406 1511 3471 Menandr.

334 3511 414 3595 338,
439 3510 600 3599 παιδίσκη,
622 3516 678 3575 Ar.
693 3510 776 3575 Ach.
795 3512 894 3595 1148,
919 3510 1093 3591 παιδίσκος,
1108 3512 1258 3580 Herond.
1275 3514 1310 3597 3,
1335 3513 1515 3597 πατρίδιον,

336 3618 500 3684 Xenaroh.
526 3623 563 3702 2,
589 3616 764 3706 πορνίδιον,
786 3617 967 3705 Antiphon.
993 3621 1068 3685 239.

380 3751 409 3814 7.
434 3750 569 3815 Praeter
592 3751 674 3817 haec
698 3752 804 3817 multa
828 3751 895 3817 alia
917 3752 1143 3817 enumeranda
1158 3758 1233 3817 sunt
1249 3750 1463 3832 deniinutiva,

334 3876 428 3940 quae,
454 3876 651 3940 quamquam
676 3858 716 3921 ad
741 3858 834 3923 varia
856 3879 979 3943 genera
1002 3862 1179 3944 pertinent,
1209 3863 1341 3943 propter
1365 3855 1509 3921 vocabu·

333 3965 438 4030 lorum
464 3968 659 4029 varietatem
684 3967 888 4052 singulorum
912 3972 1024 4031 tamen
1047 3968 1080 4030 in
1104 3987 1169 4029 uno
1194 3969 1369 4049 conspectu
1386 3986 1508 4049 ponere

525 4071 635 4141 liceat.
683 4071 901 4138 Substantiva
924 4078 1002 4137 sunt
1025 4069 1192 4136 afferenda
1213 4070 1312 4138 haec:

422 4189 695 4263 adsentatiuncula,
731 4186 834 4255 Stich.
859 4189 941 4257 226:
976 4188 1081 4252 Nemo
1107 4186 1257 4254 meliores
1282 4184 1375 4249 dabit
1398 4182 1511 4249 (lavil-

332 4291 486 4375 lationes‚
511 4291 824 4360 adsentatiunculas.
