<?xml version="1.0" encoding="UTF-8"?>
<!DOCTYPE html PUBLIC "-//W3C//DTD XHTML 1.0 Transitional//EN"
    "http://www.w3.org/TR/xhtml1/DTD/xhtml1-transitional.dtd">
<html xmlns="http://www.w3.org/1999/xhtml" xml:lang="en" lang="en">
 <head>
  <title>
</title>
<meta http-equiv="Content-Type" content="text/html;charset=utf-8" />
  <meta name='ocr-system' content='tesseract 3.04.00' />
  <meta name='ocr-capabilities' content='ocr_page ocr_carea ocr_par ocr_line ocrx_word'/>
</head>
<body>
  <div class='ocr_page' id='page_1' title='image "./dedeminutivispl00ryhigoog_0021.png"; bbox 0 0 3175 4984; ppageno 0'>
   <div class='ocr_carea' id='block_1_1' title="bbox 641 355 882 437">
    <p class='ocr_par' dir='ltr' id='par_1_1' title="bbox 641 355 882 437">
     <span class='ocr_line' id='line_1_1' title="bbox 641 355 882 437; baseline -0.012 -15"><span class='ocrx_word' id='word_1_1' title='bbox 641 355 882 437; x_wconf 70' lang='lat' dir='ltr'>·*&lt;13&gt;r·</span> 
     </span>
    </p>
   </div>
   <div class='ocr_carea' id='block_1_2' title="bbox 164 547 1343 955">
    <p class='ocr_par' dir='ltr' id='par_1_2' title="bbox 164 547 1343 955">
     <span class='ocr_line' id='line_1_2' title="bbox 164 547 1343 637; baseline 0.001 -22"><span class='ocrx_word' id='word_1_2' title='bbox 164 550 313 633; x_wconf 83' lang='lat' dir='ltr'>tentiam,</span> <span class='ocrx_word' id='word_1_3' title='bbox 338 547 490 615; x_wconf 89' lang='lat' dir='ltr'>avunculi</span> <span class='ocrx_word' id='word_1_4' title='bbox 514 568 688 634; x_wconf 76' lang='lat' dir='ltr'><strong>personam</strong></span> <span class='ocrx_word' id='word_1_5' title='bbox 711 550 822 633; x_wconf 86' lang='lat' dir='ltr'>patrui</span> <span class='ocrx_word' id='word_1_6' title='bbox 844 547 1007 635; x_wconf 87' lang='lat' dir='ltr'>paulatim</span> <span class='ocrx_word' id='word_1_7' title='bbox 1029 548 1140 614; x_wconf 91' lang='lat' dir='ltr'>locum</span> <span class='ocrx_word' id='word_1_8' title='bbox 1165 570 1343 637; x_wconf 77' lang='lat' dir='ltr'><strong>occupasse</strong></span> 
     </span>
     <span class='ocr_line' id='line_1_3' title="bbox 166 654 1340 743; baseline 0.003 -23"><span class='ocrx_word' id='word_1_9' title='bbox 166 661 199 720; x_wconf 88' lang='lat' dir='ltr'>et</span> <span class='ocrx_word' id='word_1_10' title='bbox 222 655 345 721; x_wconf 79' lang='lat' dir='ltr'>refutat</span> <span class='ocrx_word' id='word_1_11' title='bbox 368 655 506 721; x_wconf 87' lang='lat' dir='ltr'>alteram</span> <span class='ocrx_word' id='word_1_12' title='bbox 529 654 685 739; x_wconf 88' lang='lat' dir='ltr'>eiusdem,</span> <span class='ocrx_word' id='word_1_13' title='bbox 708 659 827 723; x_wconf 80' lang='lat' dir='ltr'>motula</span> <span class='ocrx_word' id='word_1_14' title='bbox 852 677 965 721; x_wconf 88' lang='lat' dir='ltr'>vocem</span> <span class='ocrx_word' id='word_1_15' title='bbox 989 656 1131 721; x_wconf 81' lang='lat' dir='ltr'>fortasse</span> <span class='ocrx_word' id='word_1_16' title='bbox 1147 678 1207 743; x_wconf 90' lang='lat' dir='ltr'>pro</span> <span class='ocrx_word' id='word_1_17' title='bbox 1223 659 1340 724; x_wconf 88' lang='lat' dir='ltr'>matris</span> 
     </span>
     <span class='ocr_line' id='line_1_4' title="bbox 166 760 1342 849; baseline -0.002 -20"><span class='ocrx_word' id='word_1_18' title='bbox 166 770 200 829; x_wconf 86' lang='lat' dir='ltr'>et</span> <span class='ocrx_word' id='word_1_19' title='bbox 223 765 325 848; x_wconf 86' lang='lat' dir='ltr'>patris</span> <span class='ocrx_word' id='word_1_20' title='bbox 348 761 448 826; x_wconf 81' lang='lat' dir='ltr'>fratre</span> <span class='ocrx_word' id='word_1_21' title='bbox 471 764 656 827; x_wconf 75' lang='lat' dir='ltr'>recentiore</span> <span class='ocrx_word' id='word_1_22' title='bbox 686 767 834 848; x_wconf 88' lang='lat' dir='ltr'>tempore</span> <span class='ocrx_word' id='word_1_23' title='bbox 864 760 986 826; x_wconf 87' lang='lat' dir='ltr'>dictum</span> <span class='ocrx_word' id='word_1_24' title='bbox 1010 784 1084 827; x_wconf 87' lang='lat' dir='ltr'>esse</span> <span class='ocrx_word' id='word_1_25' title='bbox 1107 764 1173 849; x_wconf 91' lang='lat' dir='ltr'>(ita</span> <span class='ocrx_word' id='word_1_26' title='bbox 1195 771 1232 829; x_wconf 86' lang='lat' dir='ltr'>ut</span> <span class='ocrx_word' id='word_1_27' title='bbox 1255 765 1342 829; x_wconf 87' lang='lat' dir='ltr'>fran-</span> 
     </span>
     <span class='ocr_line' id='line_1_5' title="bbox 166 858 1342 955; baseline 0.003 -23"><span class='ocrx_word' id='word_1_28' title='bbox 166 868 363 955; x_wconf 87' lang='lat' dir='ltr'>cogallicum</span> <span class='ocrx_word' id='word_1_29' title='bbox 387 868 496 953; x_wconf 81' lang='lat' dir='ltr'>caelo),</span> <span class='ocrx_word' id='word_1_30' title='bbox 526 868 589 934; x_wconf 91' lang='lat' dir='ltr'>hoc</span> <span class='ocrx_word' id='word_1_31' title='bbox 619 888 698 933; x_wconf 85' lang='lat' dir='ltr'>usus</span> <span class='ocrx_word' id='word_1_32' title='bbox 727 874 932 954; x_wconf 85' lang='lat' dir='ltr'>argumento,</span> <span class='ocrx_word' id='word_1_33' title='bbox 964 872 1129 933; x_wconf 90' lang='lat' dir='ltr'>neminem</span> <span class='ocrx_word' id='word_1_34' title='bbox 1151 858 1342 955; x_wconf 76' lang='lat' dir='ltr'>intelllgers</span> 
     </span>
    </p>
   </div>
   <div class='ocr_carea' id='block_1_3' title="bbox 157 976 1340 4368">
    <p class='ocr_par' dir='ltr' id='par_1_3' title="bbox 163 976 1340 1380">
     <span class='ocr_line' id='line_1_6' title="bbox 165 976 1339 1063; baseline 0.002 -24"><span class='ocrx_word' id='word_1_35' title='bbox 165 997 270 1061; x_wconf 85' lang='lat' dir='ltr'>posse,</span> <span class='ocrx_word' id='word_1_36' title='bbox 293 996 349 1040; x_wconf 89' lang='lat' dir='ltr'>cur</span> <span class='ocrx_word' id='word_1_37' title='bbox 368 982 493 1063; x_wconf 80' lang='lat' dir='ltr'>pilroya</span> <span class='ocrx_word' id='word_1_38' title='bbox 515 1012 558 1023; x_wconf 91' lang='lat'><em>-</em></span> <span class='ocrx_word' id='word_1_39' title='bbox 582 997 643 1040; x_wconf 91' lang='lat' dir='ltr'>vox</span> <span class='ocrx_word' id='word_1_40' title='bbox 667 978 848 1056; x_wconf 84' lang='lat' dir='ltr'>evanuerit,</span> <span class='ocrx_word' id='word_1_41' title='bbox 884 977 946 1039; x_wconf 90' lang='lat' dir='ltr'>nisi</span> <span class='ocrx_word' id='word_1_42' title='bbox 971 976 1073 1041; x_wconf 81' lang='lat' dir='ltr'>frater</span> <span class='ocrx_word' id='word_1_43' title='bbox 1095 978 1199 1063; x_wconf 88' lang='lat' dir='ltr'>patris</span> <span class='ocrx_word' id='word_1_44' title='bbox 1228 976 1339 1043; x_wconf 89' lang='lat' dir='ltr'>eloco</span> 
     </span>
     <span class='ocr_line' id='line_1_7' title="bbox 165 1082 1339 1169; baseline 0.003 -24"><span class='ocrx_word' id='word_1_45' title='bbox 165 1084 331 1169; x_wconf 82' lang='lat' dir='ltr'>superiore</span> <span class='ocrx_word' id='word_1_46' title='bbox 354 1087 463 1146; x_wconf 89' lang='lat' dir='ltr'>motus</span> <span class='ocrx_word' id='word_1_47' title='bbox 487 1088 586 1162; x_wconf 87' lang='lat' dir='ltr'>esset,</span> <span class='ocrx_word' id='word_1_48' title='bbox 602 1101 706 1166; x_wconf 83' lang='lat' dir='ltr'>quem</span> <span class='ocrx_word' id='word_1_49' title='bbox 730 1087 831 1147; x_wconf 87' lang='lat' dir='ltr'>antea</span> <span class='ocrx_word' id='word_1_50' title='bbox 853 1084 1007 1150; x_wconf 84' lang='lat' dir='ltr'>tenuerit.</span> <span class='ocrx_word' id='word_1_51' title='bbox 1056 1082 1203 1148; x_wconf 82' lang='lat' dir='ltr'>Duqum</span> <span class='ocrx_word' id='word_1_52' title='bbox 1227 1096 1339 1148; x_wconf 87' lang='lat' dir='ltr'>autem</span> 
     </span>
     <span class='ocr_line' id='line_1_8' title="bbox 163 1186 1340 1275; baseline 0.003 -24"><span class='ocrx_word' id='word_1_53' title='bbox 163 1210 231 1253; x_wconf 90' lang='lat' dir='ltr'>non</span> <span class='ocrx_word' id='word_1_54' title='bbox 263 1208 353 1267; x_wconf 86' lang='lat' dir='ltr'>esse,</span> <span class='ocrx_word' id='word_1_55' title='bbox 386 1189 463 1272; x_wconf 87' lang='lat' dir='ltr'>quin</span> <span class='ocrx_word' id='word_1_56' title='bbox 496 1186 698 1275; x_wconf 79' lang='lat' dir='ltr'>temporibus</span> <span class='ocrx_word' id='word_1_57' title='bbox 730 1186 971 1255; x_wconf 85' lang='lat' dir='ltr'>recentioribus</span> <span class='ocrx_word' id='word_1_58' title='bbox 995 1188 1125 1254; x_wconf 88' lang='lat' dir='ltr'>demum</span> <span class='ocrx_word' id='word_1_59' title='bbox 1156 1190 1340 1256; x_wconf 85' lang='lat' dir='ltr'>avunculus</span> 
     </span>
     <span class='ocr_line' id='line_1_9' title="bbox 163 1293 747 1380; baseline 0 -21"><span class='ocrx_word' id='word_1_60' title='bbox 163 1316 283 1380; x_wconf 85' lang='lat' dir='ltr'>magno</span> <span class='ocrx_word' id='word_1_61' title='bbox 306 1294 429 1358; x_wconf 88' lang='lat' dir='ltr'>bonore</span> <span class='ocrx_word' id='word_1_62' title='bbox 452 1293 567 1357; x_wconf 74' lang='lat' dir='ltr'>haberi</span> <span class='ocrx_word' id='word_1_63' title='bbox 593 1295 747 1380; x_wconf 80' lang='lat' dir='ltr'>coeperIt.</span> 
     </span>
    </p>

    <p class='ocr_par' dir='ltr' id='par_1_4' title="bbox 162 1400 1340 2021">
     <span class='ocr_line' id='line_1_10' title="bbox 253 1400 1337 1488; baseline -0.001 -20"><span class='ocrx_word' id='word_1_64' title='bbox 253 1403 373 1485; x_wconf 81' lang='lat' dir='ltr'>baliolo,</span> <span class='ocrx_word' id='word_1_65' title='bbox 397 1400 450 1464; x_wconf 88' lang='lat' dir='ltr'>vel</span> <span class='ocrx_word' id='word_1_66' title='bbox 474 1403 648 1479; x_wconf 75' lang='lat' dir='ltr'>bolioolb)o</span> <span class='ocrx_word' id='word_1_67' title='bbox 671 1400 823 1488; x_wconf 89' lang='lat' dir='ltr'>Humpen</span> <span class='ocrx_word' id='word_1_68' title='bbox 841 1400 910 1467; x_wconf 83' lang='lat' dir='ltr'>Col.</span> <span class='ocrx_word' id='word_1_69' title='bbox 927 1402 1000 1468; x_wconf 86' lang='lat' dir='ltr'>lr.I</span> <span class='ocrx_word' id='word_1_70' title='bbox 1024 1402 1189 1468; x_wconf 87' lang='lat' dir='ltr'>Batiolam</span> <span class='ocrx_word' id='word_1_71' title='bbox 1203 1424 1337 1469; x_wconf 88' lang='lat' dir='ltr'>auream</span> 
     </span>
     <span class='ocr_line' id='line_1_11' title="bbox 164 1506 1339 1595; baseline 0.003 -24"><span class='ocrx_word' id='word_1_72' title='bbox 164 1517 237 1573; x_wconf 92' lang='lat' dir='ltr'>octo</span> <span class='ocrx_word' id='word_1_73' title='bbox 257 1507 362 1594; x_wconf 87' lang='lat' dir='ltr'>pondo</span> <span class='ocrx_word' id='word_1_74' title='bbox 379 1506 558 1572; x_wconf 85' lang='lat' dir='ltr'>habebam:</span> <span class='ocrx_word' id='word_1_75' title='bbox 584 1513 731 1593; x_wconf 87' lang='lat' dir='ltr'>accipere</span> <span class='ocrx_word' id='word_1_76' title='bbox 749 1507 863 1574; x_wconf 85' lang='lat' dir='ltr'>noluit.</span> <span class='ocrx_word' id='word_1_77' title='bbox 888 1509 920 1574; x_wconf 89' lang='lat' dir='ltr'>A</span> <span class='ocrx_word' id='word_1_78' title='bbox 935 1506 1083 1595; x_wconf 78' lang='grc' dir='ltr'><em>βατιάκη,</em></span> <span class='ocrx_word' id='word_1_79' title='bbox 1108 1530 1192 1594; x_wconf 88' lang='lat' dir='ltr'>quae</span> <span class='ocrx_word' id='word_1_80' title='bbox 1208 1532 1271 1574; x_wconf 85' lang='lat' dir='ltr'>vox</span> <span class='ocrx_word' id='word_1_81' title='bbox 1288 1516 1339 1575; x_wconf 86' lang='lat' dir='ltr'>est</span> 
     </span>
     <span class='ocr_line' id='line_1_12' title="bbox 162 1613 1340 1701; baseline 0 -22"><span class='ocrx_word' id='word_1_82' title='bbox 162 1616 292 1701; x_wconf 86' lang='lat' dir='ltr'>persica</span> <span class='ocrx_word' id='word_1_83' title='bbox 307 1614 362 1701; x_wconf 86' lang='lat' dir='ltr'>(cl.</span> <span class='ocrx_word' id='word_1_84' title='bbox 381 1613 504 1682; x_wconf 84' lang='lat' dir='ltr'>Athen.</span> <span class='ocrx_word' id='word_1_85' title='bbox 519 1614 580 1677; x_wconf 90' lang='lat' dir='ltr'>XI.</span> <span class='ocrx_word' id='word_1_86' title='bbox 597 1615 664 1680; x_wconf 85' lang='grc'>484</span> <span class='ocrx_word' id='word_1_87' title='bbox 682 1636 708 1697; x_wconf 91' lang='lat' dir='ltr'>e,</span> <span class='ocrx_word' id='word_1_88' title='bbox 728 1614 792 1679; x_wconf 77' lang='lat'>784</span> <span class='ocrx_word' id='word_1_89' title='bbox 809 1616 843 1699; x_wconf 86' lang='lat' dir='ltr'>a)</span> <span class='ocrx_word' id='word_1_90' title='bbox 858 1624 934 1680; x_wconf 90' lang='lat' dir='ltr'>sunt</span> <span class='ocrx_word' id='word_1_91' title='bbox 951 1618 1005 1700; x_wconf 90' lang='lat' dir='ltr'>qui</span> <span class='ocrx_word' id='word_1_92' title='bbox 1023 1614 1182 1680; x_wconf 84' lang='lat' dir='ltr'>derivant.</span> <span class='ocrx_word' id='word_1_93' title='bbox 1217 1616 1340 1680; x_wconf 81' lang='lat' dir='ltr'>Exstat</span> 
     </span>
     <span class='ocr_line' id='line_1_13' title="bbox 164 1718 1338 1806; baseline 0.002 -21"><span class='ocrx_word' id='word_1_94' title='bbox 164 1727 198 1785; x_wconf 91' lang='lat' dir='ltr'>et</span> <span class='ocrx_word' id='word_1_95' title='bbox 232 1720 385 1787; x_wconf 83' lang='lat' dir='ltr'>batillum</span> <span class='ocrx_word' id='word_1_96' title='bbox 418 1718 597 1806; x_wconf 82' lang='lat' dir='ltr'>(vetillum)</span> <span class='ocrx_word' id='word_1_97' title='bbox 633 1719 802 1802; x_wconf 81' lang='lat' dir='ltr'>Sohaufel,</span> <span class='ocrx_word' id='word_1_98' title='bbox 836 1721 974 1787; x_wconf 84' lang='lat' dir='ltr'>Plance.</span> <span class='ocrx_word' id='word_1_99' title='bbox 1021 1721 1084 1788; x_wconf 81' lang='lat' dir='ltr'>Sed</span> <span class='ocrx_word' id='word_1_100' title='bbox 1118 1721 1234 1787; x_wconf 88' lang='lat' dir='ltr'>eodem</span> <span class='ocrx_word' id='word_1_101' title='bbox 1268 1725 1338 1787; x_wconf 89' lang='lat' dir='ltr'>iure</span> 
     </span>
     <span class='ocr_line' id='line_1_14' title="bbox 163 1825 1338 1916; baseline 0.003 -25"><span class='ocrx_word' id='word_1_102' title='bbox 163 1848 235 1891; x_wconf 88' lang='lat' dir='ltr'>meo</span> <span class='ocrx_word' id='word_1_103' title='bbox 258 1826 388 1912; x_wconf 87' lang='lat' dir='ltr'>quidem</span> <span class='ocrx_word' id='word_1_104' title='bbox 413 1825 535 1891; x_wconf 90' lang='lat' dir='ltr'>iudicio</span> <span class='ocrx_word' id='word_1_105' title='bbox 559 1825 677 1910; x_wconf 87' lang='lat' dir='ltr'>aliquis</span> <span class='ocrx_word' id='word_1_106' title='bbox 701 1827 786 1891; x_wconf 89' lang='lat' dir='ltr'>hanc</span> <span class='ocrx_word' id='word_1_107' title='bbox 809 1848 922 1891; x_wconf 89' lang='lat' dir='ltr'>vocem</span> <span class='ocrx_word' id='word_1_108' title='bbox 954 1828 1101 1893; x_wconf 88' lang='lat' dir='ltr'>eiusdem</span> <span class='ocrx_word' id='word_1_109' title='bbox 1128 1830 1242 1916; x_wconf 77' lang='lat' dir='ltr'>stirpis</span> <span class='ocrx_word' id='word_1_110' title='bbox 1268 1851 1338 1895; x_wconf 87' lang='lat' dir='ltr'>esse</span> 
     </span>
     <span class='ocr_line' id='line_1_15' title="bbox 164 1933 1012 2021; baseline 0.002 -22"><span class='ocrx_word' id='word_1_111' title='bbox 164 1933 342 1999; x_wconf 86' lang='lat' dir='ltr'>contendat</span> <span class='ocrx_word' id='word_1_112' title='bbox 365 1939 465 2017; x_wconf 89' lang='lat' dir='ltr'>atque</span> <span class='ocrx_word' id='word_1_113' title='bbox 488 1935 598 1997; x_wconf 88' lang='lat' dir='ltr'>vatius</span> <span class='ocrx_word' id='word_1_114' title='bbox 623 1936 804 2017; x_wconf 71' lang='lat' dir='ltr'>,einvvtrts</span> <span class='ocrx_word' id='word_1_115' title='bbox 828 1934 1012 2021; x_wconf 85' lang='lat' dir='ltr'>gebogen.“</span> 
     </span>
    </p>

    <p class='ocr_par' dir='ltr' id='par_1_5' title="bbox 161 2038 1338 2321">
     <span class='ocr_line' id='line_1_16' title="bbox 252 2038 1336 2128; baseline -0.004 -19"><span class='ocrx_word' id='word_1_116' title='bbox 252 2044 389 2126; x_wconf 81' lang='lat' dir='ltr'>bellaria,</span> <span class='ocrx_word' id='word_1_117' title='bbox 423 2038 623 2128; x_wconf 75' lang='grc' dir='ltr'><em>τραγήματα,</em></span> <span class='ocrx_word' id='word_1_118' title='bbox 653 2040 801 2118; x_wconf 74' lang='lat' dir='ltr'>Desserr,</span> <span class='ocrx_word' id='word_1_119' title='bbox 833 2042 917 2125; x_wconf 88' lang='lat' dir='ltr'>quod</span> <span class='ocrx_word' id='word_1_120' title='bbox 950 2043 1146 2108; x_wconf 84' lang='lat' dir='ltr'>vocabulum</span> <span class='ocrx_word' id='word_1_121' title='bbox 1178 2065 1199 2107; x_wconf 88' lang='lat' dir='ltr'>a</span> <span class='ocrx_word' id='word_1_122' title='bbox 1230 2042 1336 2108; x_wconf 88' lang='lat' dir='ltr'>bellus</span> 
     </span>
     <span class='ocr_line' id='line_1_17' title="bbox 161 2147 1338 2215; baseline 0.002 -4"><span class='ocrx_word' id='word_1_123' title='bbox 161 2148 344 2213; x_wconf 81' lang='lat' dir='ltr'>derIvatum</span> <span class='ocrx_word' id='word_1_124' title='bbox 377 2147 508 2213; x_wconf 81' lang='lat' dir='ltr'>videtur</span> <span class='ocrx_word' id='word_1_125' title='bbox 541 2147 638 2215; x_wconf 78' lang='lat' dir='ltr'>Troo.</span> <span class='ocrx_word' id='word_1_126' title='bbox 670 2148 755 2215; x_wconf 81' lang='lat'>480:</span> <span class='ocrx_word' id='word_1_127' title='bbox 791 2148 840 2211; x_wconf 85' lang='lat' dir='ltr'>fer</span> <span class='ocrx_word' id='word_1_128' title='bbox 874 2148 1049 2215; x_wconf 87' lang='lat' dir='ltr'>verbenam</span> <span class='ocrx_word' id='word_1_129' title='bbox 1082 2150 1145 2214; x_wconf 91' lang='lat' dir='ltr'>huc</span> <span class='ocrx_word' id='word_1_130' title='bbox 1176 2151 1267 2215; x_wconf 89' lang='lat' dir='ltr'>intus</span> <span class='ocrx_word' id='word_1_131' title='bbox 1303 2154 1338 2213; x_wconf 91' lang='lat' dir='ltr'>et</span> 
     </span>
     <span class='ocr_line' id='line_1_18' title="bbox 162 2254 311 2321; baseline 0.013 -2"><span class='ocrx_word' id='word_1_132' title='bbox 162 2254 311 2321; x_wconf 87' lang='lat' dir='ltr'>bellaria.</span> 
     </span>
    </p>

    <p class='ocr_par' dir='ltr' id='par_1_6' title="bbox 162 2359 1336 2981">
     <span class='ocr_line' id='line_1_19' title="bbox 250 2359 1335 2449; baseline -0.006 -18"><span class='ocrx_word' id='word_1_133' title='bbox 250 2366 379 2449; x_wconf 80' lang='lat' dir='ltr'>caplllus</span> <span class='ocrx_word' id='word_1_134' title='bbox 395 2359 599 2447; x_wconf 88' lang='lat' dir='ltr'>Haupthaar.</span> <span class='ocrx_word' id='word_1_135' title='bbox 623 2359 719 2446; x_wconf 84' lang='lat' dir='ltr'>Epid.</span> <span class='ocrx_word' id='word_1_136' title='bbox 734 2361 809 2437; x_wconf 78' lang='lat'>623,</span> <span class='ocrx_word' id='word_1_137' title='bbox 826 2359 925 2425; x_wconf 88' lang='lat' dir='ltr'>Most.</span> <span class='ocrx_word' id='word_1_138' title='bbox 943 2362 1009 2426; x_wconf 79' lang='lat'>244</span> <span class='ocrx_word' id='word_1_139' title='bbox 1026 2364 1148 2447; x_wconf 86' lang='lat' dir='ltr'>passim</span> <span class='ocrx_word' id='word_1_140' title='bbox 1164 2383 1236 2427; x_wconf 88' lang='lat' dir='ltr'>cum</span> <span class='ocrx_word' id='word_1_141' title='bbox 1250 2383 1335 2427; x_wconf 90' lang='lat' dir='ltr'>com-</span> 
     </span>
     <span class='ocr_line' id='line_1_20' title="bbox 162 2466 1336 2555; baseline -0.001 -21"><span class='ocrx_word' id='word_1_142' title='bbox 162 2470 278 2555; x_wconf 87' lang='lat' dir='ltr'>positis</span> <span class='ocrx_word' id='word_1_143' title='bbox 301 2466 514 2553; x_wconf 72' lang='lat' dir='ltr'>albicapillus,</span> <span class='ocrx_word' id='word_1_144' title='bbox 538 2466 609 2537; x_wconf 84' lang='lat' dir='ltr'>Mil.</span> <span class='ocrx_word' id='word_1_145' title='bbox 626 2468 701 2545; x_wconf 83' lang='lat'>631,</span> <span class='ocrx_word' id='word_1_146' title='bbox 724 2467 949 2553; x_wconf 82' lang='lat' dir='ltr'>corsicapillus</span> <span class='ocrx_word' id='word_1_147' title='bbox 973 2468 1065 2533; x_wconf 88' lang='lat' dir='ltr'>Pers.</span> <span class='ocrx_word' id='word_1_148' title='bbox 1090 2469 1165 2533; x_wconf 82' lang='lat'><strong>230.</strong></span> <span class='ocrx_word' id='word_1_149' title='bbox 1200 2468 1336 2555; x_wconf 89' lang='lat' dir='ltr'>Proprie</span> 
     </span>
     <span class='ocr_line' id='line_1_21' title="bbox 162 2573 1335 2661; baseline -0.003 -21"><span class='ocrx_word' id='word_1_150' title='bbox 162 2576 315 2641; x_wconf 89' lang='lat' dir='ltr'>adiectivi</span> <span class='ocrx_word' id='word_1_151' title='bbox 339 2578 405 2639; x_wconf 92' lang='lat' dir='ltr'>vim</span> <span class='ocrx_word' id='word_1_152' title='bbox 422 2573 524 2640; x_wconf 87' lang='lat' dir='ltr'>habet</span> <span class='ocrx_word' id='word_1_153' title='bbox 540 2595 613 2652; x_wconf 74' lang='lat' dir='ltr'>voa,</span> <span class='ocrx_word' id='word_1_154' title='bbox 637 2574 897 2661; x_wconf 88' lang='lat' dir='ltr'>intellegendum</span> <span class='ocrx_word' id='word_1_155' title='bbox 915 2580 966 2640; x_wconf 86' lang='lat' dir='ltr'>est</span> <span class='ocrx_word' id='word_1_156' title='bbox 984 2577 1092 2655; x_wconf 87' lang='lat' dir='ltr'>crinis,</span> <span class='ocrx_word' id='word_1_157' title='bbox 1118 2573 1237 2640; x_wconf 89' lang='lat' dir='ltr'>deinde</span> <span class='ocrx_word' id='word_1_158' title='bbox 1259 2574 1335 2641; x_wconf 90' lang='lat' dir='ltr'>sub-</span> 
     </span>
     <span class='ocr_line' id='line_1_22' title="bbox 162 2681 1334 2768; baseline -0.002 -21"><span class='ocrx_word' id='word_1_159' title='bbox 162 2685 304 2747; x_wconf 84' lang='lat' dir='ltr'>stantive</span> <span class='ocrx_word' id='word_1_160' title='bbox 327 2684 438 2768; x_wconf 86' lang='lat' dir='ltr'>posita</span> <span class='ocrx_word' id='word_1_161' title='bbox 460 2690 520 2747; x_wconf 90' lang='lat' dir='ltr'>est.</span> <span class='ocrx_word' id='word_1_162' title='bbox 560 2684 639 2747; x_wconf 88' lang='lat' dir='ltr'>Alia</span> <span class='ocrx_word' id='word_1_163' title='bbox 654 2681 839 2748; x_wconf 86' lang='lat' dir='ltr'>huiusmodi</span> <span class='ocrx_word' id='word_1_164' title='bbox 856 2682 1018 2748; x_wconf 88' lang='lat' dir='ltr'>vocabula</span> <span class='ocrx_word' id='word_1_165' title='bbox 1034 2690 1112 2747; x_wconf 89' lang='lat' dir='ltr'>sunt</span> <span class='ocrx_word' id='word_1_166' title='bbox 1128 2682 1227 2747; x_wconf 91' lang='lat' dir='ltr'>suilla</span> <span class='ocrx_word' id='word_1_167' title='bbox 1249 2681 1334 2767; x_wconf 78' lang='lat' dir='ltr'>(scil.</span> 
     </span>
     <span class='ocr_line' id='line_1_23' title="bbox 162 2788 1335 2878; baseline -0.001 -24"><span class='ocrx_word' id='word_1_168' title='bbox 162 2788 259 2878; x_wconf 88' lang='lat' dir='ltr'>caro).</span> <span class='ocrx_word' id='word_1_169' title='bbox 285 2789 372 2854; x_wconf 87' lang='lat' dir='ltr'>Men.</span> <span class='ocrx_word' id='word_1_170' title='bbox 390 2789 464 2853; x_wconf 77' lang='lat'>210.</span> <span class='ocrx_word' id='word_1_171' title='bbox 489 2788 559 2855; x_wconf 88' lang='lat' dir='ltr'>Ino.</span> <span class='ocrx_word' id='word_1_172' title='bbox 576 2789 642 2857; x_wconf 85' lang='lat' dir='ltr'>lab.</span> <span class='ocrx_word' id='word_1_173' title='bbox 660 2789 724 2875; x_wconf 83' lang='lat' dir='ltr'>frg.</span> <span class='ocrx_word' id='word_1_174' title='bbox 741 2789 859 2855; x_wconf 88' lang='lat' dir='ltr'>XXIX</span> <span class='ocrx_word' id='word_1_175' title='bbox 878 2796 912 2853; x_wconf 91' lang='lat' dir='ltr'>et</span> <span class='ocrx_word' id='word_1_176' title='bbox 927 2789 1093 2855; x_wconf 75' lang='lat' dir='ltr'>scrutillus</span> <span class='ocrx_word' id='word_1_177' title='bbox 1110 2789 1194 2875; x_wconf 90' lang='lat' dir='ltr'>(scil.</span> <span class='ocrx_word' id='word_1_178' title='bbox 1211 2793 1335 2871; x_wconf 86' lang='lat' dir='ltr'>venter)</span> 
     </span>
     <span class='ocr_line' id='line_1_24' title="bbox 162 2894 562 2981; baseline -0.01 -20"><span class='ocrx_word' id='word_1_179' title='bbox 162 2896 232 2961; x_wconf 91' lang='lat' dir='ltr'>Ino.</span> <span class='ocrx_word' id='word_1_180' title='bbox 257 2895 323 2958; x_wconf 82' lang='lat' dir='ltr'>lab.</span> <span class='ocrx_word' id='word_1_181' title='bbox 348 2896 410 2981; x_wconf 84' lang='lat' dir='ltr'>frg.</span> <span class='ocrx_word' id='word_1_182' title='bbox 433 2894 562 2959; x_wconf 89' lang='lat' dir='ltr'>XXIX.</span> 
     </span>
    </p>

    <p class='ocr_par' dir='ltr' id='par_1_7' title="bbox 160 2998 1336 3514">
     <span class='ocr_line' id='line_1_25' title="bbox 250 2998 1336 3084; baseline -0.003 -16"><span class='ocrx_word' id='word_1_183' title='bbox 250 3004 370 3084; x_wconf 82' lang='lat' dir='ltr'>cavillo,</span> <span class='ocrx_word' id='word_1_184' title='bbox 394 3000 572 3080; x_wconf 84' lang='lat' dir='ltr'>cavillatio,</span> <span class='ocrx_word' id='word_1_185' title='bbox 603 2999 787 3082; x_wconf 86' lang='lat' dir='ltr'>cavillator,</span> <span class='ocrx_word' id='word_1_186' title='bbox 818 2998 963 3082; x_wconf 81' lang='lat' dir='ltr'>oavsslor,</span> <span class='ocrx_word' id='word_1_187' title='bbox 997 2999 1186 3065; x_wconf 88' lang='lat' dir='ltr'>neckender</span> <span class='ocrx_word' id='word_1_188' title='bbox 1215 3000 1336 3066; x_wconf 84' lang='lat' dir='ltr'>Schera</span> 
     </span>
     <span class='ocr_line' id='line_1_26' title="bbox 161 3105 1336 3193; baseline 0.001 -22"><span class='ocrx_word' id='word_1_189' title='bbox 161 3129 271 3193; x_wconf 86' lang='lat' dir='ltr'>saepe,</span> <span class='ocrx_word' id='word_1_190' title='bbox 305 3105 346 3171; x_wconf 87' lang='lat' dir='ltr'>ad</span> <span class='ocrx_word' id='word_1_191' title='bbox 371 3128 546 3190; x_wconf 87' lang='lat' dir='ltr'>quamnam</span> <span class='ocrx_word' id='word_1_192' title='bbox 571 3110 706 3193; x_wconf 86' lang='lat' dir='ltr'>stirpem</span> <span class='ocrx_word' id='word_1_193' title='bbox 738 3107 897 3170; x_wconf 87' lang='lat' dir='ltr'>referatur</span> <span class='ocrx_word' id='word_1_194' title='bbox 920 3109 1042 3189; x_wconf 89' lang='lat' dir='ltr'>nescio,</span> <span class='ocrx_word' id='word_1_195' title='bbox 1077 3105 1135 3169; x_wconf 88' lang='lat' dir='ltr'>alii</span> <span class='ocrx_word' id='word_1_196' title='bbox 1164 3105 1208 3171; x_wconf 87' lang='lat' dir='ltr'>ad</span> <span class='ocrx_word' id='word_1_197' title='bbox 1236 3128 1336 3172; x_wconf 86' lang='lat' dir='ltr'>cavus</span> 
     </span>
     <span class='ocr_line' id='line_1_27' title="bbox 160 3212 1336 3299; baseline -0.001 -20"><span class='ocrx_word' id='word_1_198' title='bbox 160 3214 353 3297; x_wconf 83' lang='lat' dir='ltr'>retulerunt,</span> <span class='ocrx_word' id='word_1_199' title='bbox 387 3213 445 3277; x_wconf 89' lang='lat' dir='ltr'>alii</span> <span class='ocrx_word' id='word_1_200' title='bbox 468 3220 504 3279; x_wconf 88' lang='lat' dir='ltr'>ut</span> <span class='ocrx_word' id='word_1_201' title='bbox 528 3212 562 3280; x_wconf 81' lang='lat' dir='ltr'>(l.</span> <span class='ocrx_word' id='word_1_202' title='bbox 589 3214 626 3279; x_wconf 91' lang='grc' dir='ltr'>Ο.</span> <span class='ocrx_word' id='word_1_203' title='bbox 653 3212 830 3278; x_wconf 87' lang='lat' dir='ltr'>Muellerus</span> <span class='ocrx_word' id='word_1_204' title='bbox 854 3213 897 3279; x_wconf 89' lang='lat' dir='ltr'>ad</span> <span class='ocrx_word' id='word_1_205' title='bbox 921 3212 1031 3279; x_wconf 88' lang='lat' dir='ltr'>calvor</span> <span class='ocrx_word' id='word_1_206' title='bbox 1056 3212 1141 3299; x_wconf 89' lang='lat' dir='ltr'>quod</span> <span class='ocrx_word' id='word_1_207' title='bbox 1171 3212 1260 3279; x_wconf 91' lang='lat' dir='ltr'>idem</span> <span class='ocrx_word' id='word_1_208' title='bbox 1285 3220 1336 3279; x_wconf 89' lang='lat' dir='ltr'>est</span> 
     </span>
     <span class='ocr_line' id='line_1_28' title="bbox 161 3319 1334 3410; baseline -0.001 -25"><span class='ocrx_word' id='word_1_209' title='bbox 161 3326 259 3406; x_wconf 86' lang='lat' dir='ltr'>atque</span> <span class='ocrx_word' id='word_1_210' title='bbox 285 3320 475 3404; x_wconf 87' lang='lat' dir='ltr'>calumnior,</span> <span class='ocrx_word' id='word_1_211' title='bbox 500 3320 558 3385; x_wconf 86' lang='lat' dir='ltr'>alii</span> <span class='ocrx_word' id='word_1_212' title='bbox 582 3319 624 3385; x_wconf 87' lang='lat' dir='ltr'>ad</span> <span class='ocrx_word' id='word_1_213' title='bbox 649 3341 778 3386; x_wconf 87' lang='lat' dir='ltr'>cavere.</span> <span class='ocrx_word' id='word_1_214' title='bbox 817 3321 955 3386; x_wconf 87' lang='lat' dir='ltr'>Praeter</span> <span class='ocrx_word' id='word_1_215' title='bbox 979 3320 1099 3386; x_wconf 88' lang='lat' dir='ltr'>cavilla</span> <span class='ocrx_word' id='word_1_216' title='bbox 1122 3328 1157 3386; x_wconf 89' lang='lat' dir='ltr'>ct</span> <span class='ocrx_word' id='word_1_217' title='bbox 1180 3319 1334 3410; x_wconf 87' lang='lat' dir='ltr'>cavillum</span> 
     </span>
     <span class='ocr_line' id='line_1_29' title="bbox 161 3425 1190 3514; baseline 0 -23"><span class='ocrx_word' id='word_1_218' title='bbox 161 3426 272 3513; x_wconf 85' lang='lat' dir='ltr'>(Apul.</span> <span class='ocrx_word' id='word_1_219' title='bbox 298 3427 379 3491; x_wconf 88' lang='lat' dir='ltr'>Met.</span> <span class='ocrx_word' id='word_1_220' title='bbox 403 3428 431 3505; x_wconf 89' lang='grc' dir='ltr'>Ι,</span> <span class='ocrx_word' id='word_1_221' title='bbox 457 3428 487 3509; x_wconf 76' lang='grc'>7)</span> <span class='ocrx_word' id='word_1_222' title='bbox 513 3433 547 3491; x_wconf 90' lang='lat' dir='ltr'>et</span> <span class='ocrx_word' id='word_1_223' title='bbox 571 3428 708 3494; x_wconf 86' lang='lat' dir='ltr'>cavillus</span> <span class='ocrx_word' id='word_1_224' title='bbox 732 3425 827 3513; x_wconf 82' lang='lat' dir='ltr'>(ibid.</span> <span class='ocrx_word' id='word_1_225' title='bbox 851 3428 898 3511; x_wconf 90' lang='lat' dir='ltr'>II,</span> <span class='ocrx_word' id='word_1_226' title='bbox 925 3427 980 3514; x_wconf 82' lang='lat'>19)</span> <span class='ocrx_word' id='word_1_227' title='bbox 1004 3435 1190 3513; x_wconf 90' lang='lat' dir='ltr'>usurpatur.</span> 
     </span>
    </p>

    <p class='ocr_par' dir='ltr' id='par_1_8' title="bbox 160 3531 1333 3727">
     <span class='ocr_line' id='line_1_30' title="bbox 249 3531 1333 3617; baseline -0.003 -16"><span class='ocrx_word' id='word_1_228' title='bbox 249 3536 383 3617; x_wconf 80' lang='lat' dir='ltr'>clitellae,</span> <span class='ocrx_word' id='word_1_229' title='bbox 408 3534 601 3599; x_wconf 87' lang='lat' dir='ltr'>clitellarius</span> <span class='ocrx_word' id='word_1_230' title='bbox 627 3534 830 3600; x_wconf 86' lang='lat' dir='ltr'>Saumsattel</span> <span class='ocrx_word' id='word_1_231' title='bbox 854 3534 953 3599; x_wconf 87' lang='lat' dir='ltr'>Most.</span> <span class='ocrx_word' id='word_1_232' title='bbox 972 3534 1136 3615; x_wconf 79' lang='lat'>765-68,</span> <span class='ocrx_word' id='word_1_233' title='bbox 1160 3531 1333 3598; x_wconf 88' lang='lat' dir='ltr'>descendit</span> 
     </span>
     <span class='ocr_line' id='line_1_31' title="bbox 160 3637 1199 3727; baseline 0.001 -24"><span class='ocrx_word' id='word_1_234' title='bbox 160 3637 347 3719; x_wconf 78' lang='lat' dir='ltr'>a*clitula,</span> <span class='ocrx_word' id='word_1_235' title='bbox 374 3640 480 3704; x_wconf 66' lang='lat' dir='ltr'>*cliuo</span> <span class='ocrx_word' id='word_1_236' title='bbox 505 3639 627 3727; x_wconf 68' lang='lat' dir='ltr'>(allow)</span> <span class='ocrx_word' id='word_1_237' title='bbox 651 3639 729 3724; x_wconf 89' lang='lat' dir='ltr'>quid</span> <span class='ocrx_word' id='word_1_238' title='bbox 752 3642 797 3706; x_wconf 90' lang='lat' dir='ltr'>sit</span> <span class='ocrx_word' id='word_1_239' title='bbox 819 3642 1019 3726; x_wconf 89' lang='lat' dir='ltr'>primitivum</span> <span class='ocrx_word' id='word_1_240' title='bbox 1044 3644 1199 3705; x_wconf 90' lang='lat' dir='ltr'>nescitur.</span> 
     </span>
    </p>

    <p class='ocr_par' dir='ltr' id='par_1_9' title="bbox 158 3746 1336 4048">
     <span class='ocr_line' id='line_1_32' title="bbox 248 3746 1334 3835; baseline -0.006 -20"><span class='ocrx_word' id='word_1_241' title='bbox 248 3751 417 3835; x_wconf 82' lang='lat' dir='ltr'>ooacipulo,</span> <span class='ocrx_word' id='word_1_242' title='bbox 434 3749 494 3811; x_wconf 90' lang='lat' dir='ltr'>mit</span> <span class='ocrx_word' id='word_1_243' title='bbox 511 3746 671 3834; x_wconf 86' lang='lat' dir='ltr'>Begierde</span> <span class='ocrx_word' id='word_1_244' title='bbox 688 3747 862 3831; x_wconf 84' lang='lat' dir='ltr'>ergreifen,</span> <span class='ocrx_word' id='word_1_245' title='bbox 882 3747 978 3812; x_wconf 80' lang='lat' dir='ltr'>Troo.</span> <span class='ocrx_word' id='word_1_246' title='bbox 994 3748 1074 3811; x_wconf 77' lang='lat'>621:</span> <span class='ocrx_word' id='word_1_247' title='bbox 1089 3747 1212 3833; x_wconf 82' lang='lat' dir='ltr'>Etiam,</span> <span class='ocrx_word' id='word_1_248' title='bbox 1227 3746 1334 3811; x_wconf 88' lang='lat' dir='ltr'>scelus</span> 
     </span>
     <span class='ocr_line' id='line_1_33' title="bbox 159 3853 1336 3940; baseline 0.005 -28"><span class='ocrx_word' id='word_1_249' title='bbox 159 3854 229 3933; x_wconf 87' lang='lat' dir='ltr'>viri,</span> <span class='ocrx_word' id='word_1_250' title='bbox 254 3854 419 3936; x_wconf 89' lang='lat' dir='ltr'>minitare,</span> <span class='ocrx_word' id='word_1_251' title='bbox 453 3876 547 3938; x_wconf 91' lang='lat' dir='ltr'>quem</span> <span class='ocrx_word' id='word_1_252' title='bbox 581 3875 642 3939; x_wconf 83' lang='lat' dir='ltr'>ego</span> <span class='ocrx_word' id='word_1_253' title='bbox 676 3855 834 3918; x_wconf 88' lang='lat' dir='ltr'>iamiam</span> <span class='ocrx_word' id='word_1_254' title='bbox 864 3856 931 3919; x_wconf 80' lang='lat' dir='ltr'>lam</span> <span class='ocrx_word' id='word_1_255' title='bbox 956 3853 1192 3940; x_wconf 84' lang='lat' dir='ltr'>concipulabo‘l</span> <span class='ocrx_word' id='word_1_256' title='bbox 1226 3856 1274 3919; x_wconf 88' lang='lat' dir='ltr'>ita</span> <span class='ocrx_word' id='word_1_257' title='bbox 1297 3860 1336 3918; x_wconf 91' lang='lat' dir='ltr'>ut</span> 
     </span>
     <span class='ocr_line' id='line_1_34' title="bbox 158 3961 685 4048; baseline 0.002 -22"><span class='ocrx_word' id='word_1_258' title='bbox 158 3965 331 4046; x_wconf 79' lang='lat' dir='ltr'>muscipulo</span> <span class='ocrx_word' id='word_1_259' title='bbox 355 3983 374 4024; x_wconf 89' lang='lat' dir='ltr'>a</span> <span class='ocrx_word' id='word_1_260' title='bbox 398 3964 491 4048; x_wconf 87' lang='lat' dir='ltr'>capio</span> <span class='ocrx_word' id='word_1_261' title='bbox 516 3961 685 4029; x_wconf 88' lang='lat' dir='ltr'>formatur.</span> 
     </span>
    </p>

    <p class='ocr_par' dir='ltr' id='par_1_10' title="bbox 157 4065 1334 4368">
     <span class='ocr_line' id='line_1_35' title="bbox 248 4065 1334 4155; baseline -0.002 -22"><span class='ocrx_word' id='word_1_262' title='bbox 248 4072 444 4151; x_wconf 73' lang='lat' dir='ltr'>coaprotulor</span> <span class='ocrx_word' id='word_1_263' title='bbox 478 4068 564 4135; x_wconf 89' lang='lat' dir='ltr'>Men.</span> <span class='ocrx_word' id='word_1_264' title='bbox 601 4070 664 4135; x_wconf 81' lang='lat'>129</span> <span class='ocrx_word' id='word_1_265' title='bbox 697 4073 732 4133; x_wconf 88' lang='lat' dir='ltr'>et</span> <span class='ocrx_word' id='word_1_266' title='bbox 765 4067 914 4155; x_wconf 81' lang='lat' dir='ltr'>gratulor</span> <span class='ocrx_word' id='word_1_267' title='bbox 938 4066 1031 4154; x_wconf 84' lang='lat' dir='ltr'>Oapt.</span> <span class='ocrx_word' id='word_1_268' title='bbox 1057 4067 1123 4132; x_wconf 78' lang='lat'>502</span> <span class='ocrx_word' id='word_1_269' title='bbox 1159 4065 1334 4150; x_wconf 87' lang='lat' dir='ltr'>beglueok·</span> 
     </span>
     <span class='ocr_line' id='line_1_36' title="bbox 159 4172 1334 4256; baseline -0.002 -17"><span class='ocrx_word' id='word_1_270' title='bbox 159 4172 366 4239; x_wconf 87' lang='lat' dir='ltr'>wuenschen.</span> <span class='ocrx_word' id='word_1_271' title='bbox 406 4172 550 4239; x_wconf 89' lang='lat' dir='ltr'>Dubium</span> <span class='ocrx_word' id='word_1_272' title='bbox 575 4181 626 4238; x_wconf 89' lang='lat' dir='ltr'>cst</span> <span class='ocrx_word' id='word_1_273' title='bbox 649 4198 726 4240; x_wconf 91' lang='lat' dir='ltr'>num</span> <span class='ocrx_word' id='word_1_274' title='bbox 750 4177 796 4239; x_wconf 89' lang='lat' dir='ltr'>sit</span> <span class='ocrx_word' id='word_1_275' title='bbox 819 4172 1065 4256; x_wconf 85' lang='lat' dir='ltr'>deminutivum,</span> <span class='ocrx_word' id='word_1_276' title='bbox 1092 4194 1167 4237; x_wconf 86' lang='lat' dir='ltr'>nam</span> <span class='ocrx_word' id='word_1_277' title='bbox 1192 4172 1334 4238; x_wconf 86' lang='lat' dir='ltr'>derivari</span> 
     </span>
     <span class='ocr_line' id='line_1_37' title="bbox 157 4280 1333 4368; baseline 0 -23"><span class='ocrx_word' id='word_1_278' title='bbox 157 4286 269 4367; x_wconf 90' lang='lat' dir='ltr'>potest</span> <span class='ocrx_word' id='word_1_279' title='bbox 292 4289 350 4346; x_wconf 88' lang='lat' dir='ltr'>aut</span> <span class='ocrx_word' id='word_1_280' title='bbox 373 4301 393 4344; x_wconf 87' lang='lat' dir='ltr'>a</span> <span class='ocrx_word' id='word_1_281' title='bbox 417 4284 556 4365; x_wconf 83' lang='lat' dir='ltr'>grat-ari</span> <span class='ocrx_word' id='word_1_282' title='bbox 580 4289 639 4346; x_wconf 88' lang='lat' dir='ltr'>aut</span> <span class='ocrx_word' id='word_1_283' title='bbox 662 4282 874 4368; x_wconf 85' lang='lat' dir='ltr'>agrati-tulo</span> <span class='ocrx_word' id='word_1_284' title='bbox 891 4283 925 4365; x_wconf 83' lang='lat' dir='ltr'>(a</span> <span class='ocrx_word' id='word_1_285' title='bbox 947 4287 1061 4366; x_wconf 86' lang='lat' dir='ltr'>grates</span> <span class='ocrx_word' id='word_1_286' title='bbox 1086 4280 1246 4345; x_wconf 89' lang='lat' dir='ltr'>vocabulo</span> <span class='ocrx_word' id='word_1_287' title='bbox 1263 4280 1333 4366; x_wconf 92' lang='lat' dir='ltr'>plu·</span> 
     </span>
    </p>
   </div>
   <div class='ocr_carea' id='block_1_4' title="bbox 0 0 1592 4984">
    <p class='ocr_par' dir='ltr' id='par_1_11' title="bbox 0 0 1592 4984">
     <span class='ocr_line' id='line_1_38' title="bbox 0 0 1592 4984; baseline 0 2"><span class='ocrx_word' id='word_1_288' title='bbox 0 0 1592 4984; x_wconf 95' lang='lat' dir='ltr'> </span> 
     </span>
    </p>
   </div>
  </div>
 </body>
</html>
