3175 4984
680 364 922 432 aiore

215 557 291 638 569,
316 560 456 643 passim,
486 555 638 623 adesurio
665 557 753 623 Trin.
780 559 860 640 1693
893 557 1036 623 adlaudo
1061 558 1158 624 Mero.
1184 559 1241 643 853
1276 559 1388 625 admo·

216 662 310 729 deror
333 662 403 728 Mil.
430 664 537 747 10733
573 663 732 729 admolior
755 665 850 730 Asin.
875 666 952 749 570,
985 664 1070 732 Rud.
1095 665 1178 750 5993
1212 666 1386 754 adtrepido

218 770 316 835 Poen.
341 770 416 835 544.
1003 767 1005 770 ’

305 876 420 941 Tertia
435 898 519 961 quae
535 879 602 939 vim
618 875 800 963 perdiderit
816 880 1016 963 praepositio
1034 882 1071 944 de
1086 877 1198 964 (rard)
1223 885 1283 962 est,
1301 880 1389 964 quod

215 982 385 1069 exemplis,
410 1004 494 1067 quae
518 987 711 1068 sequuntur,
734 982 972 1065 illustrabitur;

303 1087 434 1153 deascio
459 1088 528 1153 Mil.
554 1089 637 1171 8843
673 1088 851 1154 deruncino
885 1090 955 1154 Mil.
981 1091 1084 1175 1142;
1120 1090 1257 1157 deartuo
1292 1090 1387 1179 capt.

214 1194 288 1276 640,
313 1194 396 1276 672,
420 1193 570 1259 delacero
595 1194 688 1282 Oapt.
712 1196 797 1281 672;
823 1194 996 1261 deludifico
1020 1197 1106 1262 Rud.
1132 1200 1193 1264 147
1206 1222 1214 1283 ;
1239 1198 1388 1284 derogito

213 1302 306 1365 Asin.
332 1300 397 1366 326
421 1299 522 1388 (quod
555 1301 714 1387 praebent
738 1301 842 1385 libri);
879 1301 998 1367 deiuno
1023 1303 1113 1368 Trin.
1138 1305 1222 1386 3443
1258 1303 1388 1370 delucto

214 1408 305 1479 Trin.
328 1407 402 1489 839,
425 1408 514 1475 Pers.
540 1409 578 1495 43
603 1408 718 1475 deamo
742 1410 839 1495 Epid.
864 1412 940 1494 219,
965 1414 1105 1498 passim,
1130 1411 1291 1479 demorior
1312 1413 1384 1486 Mil.

212 1515 288 1597 970,
315 1516 418 1597 1040,
443 1514 573 1601 deungo
598 1516 718 1583 Pseud.
742 1518 818 1584 222.

300 1622 376 1687 Una
400 1643 473 1687 oum
498 1622 572 1687 eliis
597 1624 813 1712 scriptoribus
838 1624 976 1690 Plautus
1000 1625 1081 1689 haec
1105 1625 1223 1691 affert:

300 1727 476 1813 derepente
501 1727 599 1792 Most.
617 1732 703 1813 4733
727 1730 878 1796 desubito
894 1731 994 1798 Most.
1011 1732 1087 1815 396,
1104 1734 1250 1817 passim,
1273 1730 1386 1799 debla-

211 1840 280 1899 tero
305 1834 518 1921 Α5151.268;
543 1834 685 1899 demiror
707 1835 796 1901 Men.
816 1837 890 1921 706,
914 1858 1031 1924 saepe,
1056 1836 1195 1923 depereo
1220 1838 1315 1924 Epid.
1334 1839 1387 1923 65,

211 1961 333 2026 saepe,
359 1939 493 2005 defrudo
518 1940 637 2007 Pseud.
663 1942 715 2024 93,
741 1963 856 2028 saepe;
882 1942 1011 2008 delasso
1037 1946 1131 2008 Asin.
1145 1946 1228 2030 872;
1253 1943 1387 2010 demuto

212 2047 334 2115 Pseud.
358 2045 433 2129 555,
457 2046 533 2126 566,
557 2050 696 2133 passim,
722 2046 860 2112 denarro
886 2049 981 2113 Truc.
1007 2050 1091 2130 3083
1116 2048 1290 2115 deosculor
1313 2050 1388 2118 cas.

211 2154 286 2231 136,
309 2156 449 2240 passim3
474 2154 653 2240 depropero
679 2152 752 2219 Cas.
780 2153 854 2236 745,
878 2156 978 2222 Ρ555.
1003 2157 1077 2221 321.
1107 2202 1110 2207 -

299 2260 391 2325 Η555
409 2264 519 2326 omnia
535 2263 564 2325 si
580 2264 689 2327 animo
706 2261 951 2347 perlustramus,
977 2262 1132 2327 Plautum
1147 2263 1261 2327 multis
1279 2263 1385 2327 modis

211 2388 367 2453 personas
392 2367 577 2432 describere
601 2368 859 2453 observabimus,
883 2369 1001 2434 melius
1026 2392 1103 2435 uero
1131 2370 1327 2453 videremus,
1358 2374 1386 2435 si

210 2494 251 2537 ex
275 2473 426 2537 omnibus
450 2473 569 2537 fabulis
592 2479 789 2559 argumenta
806 2475 846 2539 ad
864 2475 949 2540 hano
965 2499 1034 2539 rem
1050 2483 1130 2562 apta
1146 2480 1386 2565 apposuissem.

209 2579 264 2643 Ad
280 2579 362 2644 haee
378 2582 494 2666 ingens
512 2577 640 2646 accedit
656 2583 751 2665 eopia
768 2580 1055 2664 deminutirorum,
1069 2584 1188 2669 quibus
1200 2583 1387 2649 tractandis

210 2690 278 2752 iam
302 2709 434 2773 operam
459 2686 620 2752 dabimus.

298 2794 454 2859 Plautum
478 2793 689 2858 deminutivis
714 2795 815 2859 multo
839 2795 1025 2861 uberiorem
1050 2818 1123 2862 esse
1147 2819 1246 2882 quam
1265 2798 1386 2863 Teren-

209 2906 293 2969 tium
317 2926 411 2969 nemo
435 2907 567 2989 ignorat
590 2910 649 2969 aut
671 2908 818 2970 miratur.
864 2905 950 2970 Nam
975 2904 1066 2970 illius
1096 2905 1231 2971 fabulae
1264 2909 1386 2992 viginti

210 3003 328 3097 viginti
344 3013 435 3075 milia
451 3033 603 3077 versuum
628 3017 662 3077 51
679 3018 862 3097 nongentos
879 3012 1047 3097 praebent,
1072 3015 1165 3077 iniis
1183 3012 1401 3079 deminutiva*

210 3115 277 3182 fere
301 3116 391 3182 mille
417 3117 490 3201 (aut
515 3120 542 3181 si
573 3140 612 3181 ee
637 3117 741 3181 demis
751 3168 759 3201 ,
797 3138 881 3201 quae
910 3122 945 3182 et
974 3122 1040 3182 vim
1073 3122 1140 3183 iam
1173 3117 1386 3205 perdiderunt

209 3231 276 3290 5155
300 3225 502 3311 temporibus
527 3226 622 3290 etde
646 3226 765 3311 quibus
789 3225 941 3290 dubitare
966 3233 1085 3311 potest,
1111 3228 1184 3312 plus
1202 3229 1381 3310 sexcentis)

209 3333 430 3415 inveniuntur,
454 3332 549 3395 buius
575 3337 686 3395 autem
711 3353 768 3396 sex
793 3330 982 3395 comoediae
999 3353 1150 3396 versuum
1167 3354 1224 3396 sex
1242 3331 1334 3395 milia
1350 3339 1385 3396 et

209 3442 350 3521 centum,
373 3441 407 3502 in
433 3437 552 3523 quibus
577 3436 779 3503 deminutiva
802 3438 945 3503 ducenta
968 3437 1037 3524 (vel
1052 3444 1183 3504 centum
1200 3444 1234 3503 et
1252 3439 1384 3525 viginti)

209 3549 349 3609 exstant.
396 3544 470 3608 Hae
501 3546 602 3628 igitur
626 3546 752 3607 ratione
778 3543 1031 3627 demonstratur,
1061 3546 1093 3608 15
1119 3544 1298 3609 comoediis
1323 3544 1384 3608 Te·

208 3652 365 3716 rentianis
389 3673 452 3715 non
476 3652 612 3715 tertiam
636 3652 686 3733 (ut
710 3652 954 3737 exspectamus)
979 3659 1118 3737 partem,
1152 3651 1207 3716 sed
1233 3653 1382 3733 quintam

207 3756 432 3823 tantummodo
458 3779 579 3839 eorum,
613 3780 697 3841 quae
714 3759 855 3823 Plautus
879 3741 983 3838 offert,
1015 3757 1301 3840 deminutivorum,
1327 3778 1408 3823 oc-¹

209 3885 347 3948 currere,
372 3872 472 3947 etque
496 3864 530 3928 id
554 3886 591 3928 eo
616 3864 696 3944 fieri,
720 3864 808 3948 quod
826 3864 1001 3929 Terentius
1018 3863 1161 3928 dictione
1180 3862 1382 3947 elegantiore

209 3969 353 4035 Plautus
378 3976 488 4034 autem
513 3990 661 4035 sermone
686 3969 868 4034 cottidiano
892 3990 971 4035 usus
995 3972 1047 4034 sit.

689 4202 901 4213 ——-
