3175 4984
794 335 1035 403 *38*

329 530 418 596 Trin.
442 528 524 597 4912
559 528 638 594 deos
663 527 781 595 decent
805 526 994 615 opulentiae
1028 528 1073 593 Et
1095 529 1266 613 sactiones,
1304 549 1414 594 verum
1438 515 1504 594 nos
1545 578 1548 585 .

326 634 518 701 homunculi
542 634 693 701 Sitellum
718 636 852 701 animai.

415 745 551 826 modos,
583 742 683 809 Poen.
707 742 792 807 471:
827 740 883 806 Ita
916 746 953 805 ut
976 744 1086 827 occepi
1119 740 1237 826 dicere,
1274 740 1424 823 Lenulle,
1461 741 1505 807 de

327 849 405 917 illac
428 871 550 937 pugna.

415 960 602 1040 lenunculus,
626 956 844 1023 Pcen.1286:
861 955 948 1022 Aere
964 955 1103 1021 militari
1119 958 1261 1042 tetigero
1277 953 1502 1023 lenunculum.

414 1067 579 1148 masculas,
603 1060 684 1129 Oist.
701 1062 761 1146 IV,
785 1063 818 1146 2,
841 1062 886 1128 40
902 1061 997 1150 (443)
1023 1065 1079 1147 qni
1102 1062 1193 1129 locus
1210 1083 1230 1126 a
1245 1063 1410 1127 communi
1430 1082 1501 1124 rer-

326 1168 442 1234 borum
465 1190 551 1233 more
576 1167 717 1233 discedit
747 1173 781 1234 et
805 1189 843 1233 eo
875 1167 1053 1233 notabilior
1076 1173 1137 1250 est,
1172 1170 1248 1253 quia
1279 1190 1344 1231 non
1377 1168 1502 1232 femina

326 1274 386 1341 sed
409 1297 479 1340 mas
503 1298 564 1341 vox
588 1274 757 1341 deminuta
781 1279 842 1358 est,
872 1275 1014 1341 feminae
1045 1279 1157 1339 autem
1185 1273 1420 1339 deminutivum
1452 1274 1500 1338 fe·

325 1381 425 1448 mella
441 1380 591 1447 Catullus
613 1384 735 1467 primus
759 1382 922 1448 formavit.
961 1381 1103 1445 Romani
1127 1383 1214 1447 enim
1237 1381 1361 1446 femina
1383 1402 1500 1445 vocem

327 1508 400 1553 cum
422 1509 494 1553 mas
518 1490 717 1574 coniungere
749 1486 912 1554 solebant.
959 1486 1061 1553 (luins
1088 1490 1136 1551 rei
1168 1490 1360 1553 testimonia
1392 1485 1501 1550 afferri

326 1600 468 1681 possunt
489 1594 553 1659 loci
578 1593 785 1661 Ciceroniani
808 1594 861 1658 hi:

415 1699 456 1765 de
479 1706 546 1766 nat.
565 1700 651 1767 deor.
668 1701 695 1784 Ι,
720 1701 773 1782 34,
797 1700 856 1767 95:
879 1700 966 1765 Nam
990 1699 1077 1785 quod
1100 1706 1135 1765 et
1149 1723 1252 1767 morea
1266 1700 1341 1765 deos
1363 1702 1500 1778 fairinos

327 1827 397 1873 esse
421 1806 543 1888 dicitis,
578 1806 657 1891 quid
680 1813 837 1892 sequatur
861 1805 991 1871 videtis.
1037 1806 1118 1873 ibid.
1143 1807 1191 1887 II,
1215 1804 1269 1888 51,
1297 1806 1374 1871 128:
1412 1807 1501 1872 Nam

325 1916 465 1999 primum
495 1914 580 1978 aliae
603 1934 717 1997 mures,
749 1913 837 1979 aliae
864 1915 1001 1999 feminae
1023 1924 1109 1994 sunt,
1144 1912 1232 1998 quod
1266 1914 1505 1999 perpetuitatis

327 2041 444 2086 neusse
466 2019 656 2087 machinata
679 2025 799 2085 natura
822 2026 883 2086 est.
930 2019 1060 2086 Deinde
1089 2025 1201 2107 partes
1226 2022 1368 2107 corporis
1400 2025 1434 2085 et
1456 2022 1503 2086 ad

325 2125 562 2213 procreandum
586 2132 620 2192 et
643 2125 686 2191 ad
702 2125 952 2213 concipiendum
968 2129 1162 2213 aptissimae
1186 2132 1220 2191 et
1243 2129 1277 2191 in
1299 2149 1387 2195 more
1410 2130 1503 2192 etin

324 2235 442 2314 semino
465 2231 775 2299 commiscendorum
803 2254 972 2319 corporum
996 2236 1098 2299 mirae
1121 2232 1286 2298 libidines.
1334 2232 1373 2297 de
1397 2231 1504 2301 divin.

325 2340 353 2422 I,
380 2341 431 2422 18,
456 2341 515 2407 36:
539 2340 884 2407 simcremcmisisset
909 2392 917 2409 .
942 2390 950 2407 .
974 2388 982 2404 .
1008 2391 1016 2407 .
1040 2342 1069 2405 si
1091 2342 1239 2416 feminum
1263 2392 1271 2409 .
1296 2391 1304 2407 .
1329 2390 1337 2407 .
1362 2338 1417 2427 (de
1441 2360 1501 2404 an-

325 2445 472 2531 guibus).
518 2444 598 2511 ibid.
616 2446 667 2526 ΙΙ,
690 2445 744 2528 29,
768 2446 827 2510 62:
850 2449 985 2527 ferninae
1005 2467 1139 2532 angues,
1163 2468 1265 2513 mores
1288 2467 1422 2531 angues.
1458 2444 1503 2509 de

324 2551 390 2637 leg
413 2551 462 2632 ΙΙ,
489 2554 540 2635 12,
564 2552 623 2616 29:
648 2551 766 2636 quibus
790 2551 907 2618 hostiis
930 2552 1165 2617 immolandum
1189 2555 1330 2637 quoique
1354 2551 1472 2619 dec.

326 2658 403 2743 quoi
425 2661 574 2743 moribus,
598 2660 675 2742 quoi
695 2657 829 2744 [narnia

414 2763 542 2829 Deinde
567 2762 721 2830 Caesar
712 2787 745 2828 rn
770 2764 848 2834 bell.
873 2763 960 2831 Gall.
978 2764 1037 2846 VI,
1062 2766 1105 2831 26
1126 2695 1190 2832 boc
1213 2766 1347 2836 scribit:
1372 2763 1501 2829 Eadem
1562 2781 1563 2852 j

326 2876 376 2937 est
396 2874 531 2952 feminae
552 2876 709 2959 marisque
732 2876 851 2935 natura
876 2868 1006 2960 [bovis]

413 2978 530 3042 Livius
545 2977 691 3060 XXVII,
718 2981 768 3061 ll,
791 2977 828 3041 4:
853 2985 887 3041 et
898 2976 1074 3043 Sinuessae
1098 2983 1214 3042 natum
1237 2978 1391 3062 ambiguo
1409 2980 1499 3042 inter

324 3107 442 3152 morem
465 3106 504 3149 ao
525 3086 674 3169 seminam
690 3105 769 3149 sexu
785 3084 955 3165 infantem,
979 3106 1060 3170 quos
1077 3083 1286 3171 androgynos
1302 3085 1418 3169 volgus
1436 3131 1469 3149 ..
1491 3133 1503 3149 .

326 3189 481 3277 appellat.
527 3190 655 3255 Plinius
679 3197 746 3256 nat.
770 3192 848 3255 hist.
872 3190 966 3274 XVI,
993 3193 1044 3272 14,
1068 3192 1126 3257 25:
1149 3193 1184 3256 in
1208 3190 1283 3255 tilia
1306 3212 1374 3257 moa
1398 3193 1432 3253 et
1455 3192 1501 3267 se·

324 3301 410 3363 mino
434 3294 597 3359 differunt.
631 3294 724 3362 Idem
750 3295 890 3361 efficitur
912 3296 984 3362 loco
1002 3295 1215 3363 Ciceroniana
1231 3298 1287 3380 qui
1303 3301 1355 3360 eet
1369 3293 1412 3358 de
1427 3295 1504 3361 har.

324 3423 410 3489 resp.
431 3402 486 3481 27,
511 3402 568 3469 57:
593 3402 725 3468 occulta
747 3408 781 3467 et
804 3408 941 3471 muratus
965 3426 1029 3467 non
1052 3405 1159 3468 invisa
1175 3401 1292 3483 solum,
1315 3400 1374 3468 sed
1399 3405 1501 3467 etiam

324 3507 476 3574 inaudita
508 3529 603 3573 sacra
634 3508 830 3595 inexpiabili
862 3510 986 3574 scelere
1014 3514 1173 3597 pervertit
1204 3509 1354 3595 idemque
1388 3530 1502 3574 earnm

324 3613 485 3700 templum
497 3613 716 3680 inflammavit
732 3614 879 3698 dearum,
896 3636 1035 3699 quarum
1052 3637 1113 3702 ope
1130 3618 1232 3681 etiam
1248 3616 1323 3680 aliis
1340 3616 1502 3678 incendiis

326 3720 526 3788 subvenitur.
566 3719 685 3787 Confer
708 3719 1088 3807 praetereaOatull.16,
1109 3723 1159 3804 13,
1184 3722 1262 3786 Tac.
1287 3720 1372 3784 Hist.
1397 3718 1443 3801 ΙΙ,
1468 3723 1503 3786 3.

415 3824 497 3892 Cum
526 3826 588 3893 hac
610 3828 727 3912 regula
755 3834 887 3913 praeter
917 3850 1013 3912 quem
1044 3827 1143 3891 attuli
1172 3828 1282 3891 locum
1306 3825 1500 3890 Plautinum

325 3944 451 4022 pugnat
474 3934 562 3998 Livii
592 3933 646 4000 hic
668 3934 798 4014 XXXI,
834 3935 886 4015 12,
918 3935 957 4000 6:
990 3935 1029 4000 In
1052 3931 1184 3997 Sabinis
1216 3932 1360 3997 incertus
1392 3931 1502 3996 infans

326 4047 423 4107 natus
446 4040 602 4109 musculus
625 4062 666 4106 an
688 4042 807 4126 semino
830 4046 934 4108 esset:
957 4040 1042 4104 alter
1065 4036 1231 4103 sexdecim
1253 4040 1322 4101 iarn
1338 4060 1500 4104 annorum

324 4150 407 4213 item
430 4147 583 4232 ambiguo
609 4169 689 4213 sexu
712 4150 876 4231 inventus,
913 4156 947 4212 et
972 4146 1116 4211 Vitruvii
1139 4146 1200 4227 IX,
1233 4148 1264 4230 9,
1299 4148 1358 4213 11:
1392 4148 1425 4208 in
1460 4165 1502 4208 eo

326 4259 435 4320 antem
482 4255 590 4319 minus
628 4264 823 4340 tympanum
859 4255 1039 4320 inclutatur
1085 4253 1277 4319 cardinibus
1323 4275 1362 4318 ex
1406 4259 1503 4315 torno
