3175 4984
560 334 800 401 «41η-

176 526 377 595 muliercula:
400 526 582 593 Duodecim
599 528 695 592 huius
710 530 804 593 vocis
821 527 972 614 exempla
988 526 1102 593 afferre
1118 550 1263 615 possum,

84 654 224 717 quorum
256 633 337 697 haec
369 636 523 719 nomino:
556 633 636 701 Cist.
661 635 687 711 Ι,
712 634 743 713 2,
772 635 812 699 12
843 634 956 720 (132):
1001 636 1036 699 Is
1069 633 1263 701 adulescens

84 760 196 803 amore
220 742 340 805 misere
364 739 449 805 hanc
473 739 601 826 deperit
624 739 863 809 mulierculam.
914 739 1035 809 Pseud.
1060 742 1140 809 675:
1177 741 1263 817 Quo·

86 845 183 909 modo
216 849 355 931 quicque
385 868 552 934 agerem,
570 858 608 911 ut
638 846 750 912 lenoni
783 868 993 932 surruperem
1023 847 1260 918 mulierculam.

83 951 160 1017 Ter.
179 952 302 1016 Heaut.
326 953 407 1017 444:
433 954 543 1038 potius
568 975 665 1037 quam
689 957 843 1039 paterere
866 952 969 1017 filium
987 952 1193 1019 Commetare
1217 954 1261 1020 ad

85 1057 343 1124 mulierculam.
369 1109 376 1123 .
401 1107 409 1123 .
434 1059 651 1124 Proterruisti
674 1058 760 1123 hinc.
785 1059 913 1127 Phorm.
933 1060 1036 1126 1017:
1063 1060 1261 1127 Vinolentus

86 1166 153 1230 lere
177 1164 296 1229 abhinc
320 1186 424 1229 annos
449 1164 636 1251 quindecim
671 1165 898 1230 mulierculam
931 1166 1017 1230 Eam
1052 1170 1258 1253 compressit,

86 1270 172 1335 unde
195 1270 276 1335 haec
300 1277 420 1336 natast.
437 1310 481 1319 --
496 1273 668 1358 Nusquam
694 1280 846 1337 matrona
862 1280 921 1338 aut
937 1295 1016 1337 uxor
1032 1274 1095 1337 hac
1110 1295 1190 1339 voce
1208 1295 1261 1361 ap·

85 1376 259 1462 pellantur,
286 1376 343 1441 sed
367 1380 496 1442 omnino
521 1357 751 1464 meretricem)

173 1486 343 1569 nepotulus,
367 1483 436 1548 Mil.
457 1485 558 1549 1413:
581 1491 615 1548 te
632 1485 759 1550 salvum
780 1485 857 1551 hinc
873 1488 1063 1550 amittemus
1079 1486 1261 1551 Venerium

85 1590 284 1675 nepotulum.
331 1590 412 1657 ibid.
438 1592 540 1657 1421:
589 1584 635 1656 Ut
665 1590 721 1657 ted
750 1592 826 1656 hinc
860 1593 1051 1657 amittamus
1079 1592 1261 1657 Venerium

85 1695 287 1781 nepotulum.

174 1805 389 1887 poetastrum,
423 1802 495 1868 Mil.
521 1803 582 1867 54:
619 1804 668 1867 At
699 1803 904 1890 peditastelli
937 1805 1014 1889 quia
1050 1812 1162 1891 erant,
1197 1807 1262 1869 sivi

83 1909 243 1971 viverent.

171 2020 314 2102 persolla,
339 2016 433 2083 Cure.
461 2018 542 2082 192:
567 2018 731 2084 Ebriola's
755 2019 907 2105 persolla,
931 2041 1049 2105 nugae.

172 2126 318 2208 puellule,
346 2122 433 2209 apud
458 2124 614 2189 Plautum
640 2127 770 2191 nonnisi
794 2124 869 2195 Cas.
894 2128 934 2189 41
961 2150 1018 2212 per
1041 2128 1260 2191 coniecturam

82 2236 210 2292 exstat:
250 2228 316 2293 Sed
352 2230 471 2294 abhino
507 2254 609 2296 anuos
641 2232 797 2297 factumst
836 2230 986 2297 sedecim.
1042 2230 1148 2305 Quom
1183 2255 1260 2298 con·

81 2339 244 2422 spicatust
272 2339 411 2423 primulo
446 2338 637 2423 crepusculo
662 2339 847 2403 Puellulam
879 2341 1005 2425 exponi.
1054 2338 1261 2422 Quamquam

83 2445 153 2507 veri
177 2443 292 2507 similis
319 2468 386 2506 non.
406 2450 456 2509 est
475 2446 654 2530 Brugmani
679 2446 876 2528 coniectura,
902 2467 977 2509 cum
999 2466 1113 2509 omues
1131 2444 1277 2510 codices·

83 2570 248 2614 unacum
273 2547 386 2615 Servio
412 2550 462 2639 (in
486 2550 587 2635 Verg.
613 2554 698 2619 Aen.
721 2550 764 2635 X,
789 2552 869 2636 615)
901 2551 1044 2638 puellam
1069 2551 1262 2637 praebeant,

81 2662 196 2719 tamen
222 2659 336 2741 negari
361 2680 422 2722 nou
447 2664 556 2743 pot-ast
581 2680 658 2723 usus
682 2658 834 2723 vocabuli
866 2658 952 2743 quod
982 2658 1086 2723 habes
1117 2658 1262 2744 exempli

80 2764 195 2845 gratia
223 2765 253 2825 in
280 2764 355 2827 Ter.
381 2764 514 2828 Phorm.
539 2766 598 2829 81:
633 2765 685 2829 hio
709 2764 873 2829 Phaedria
897 2764 1060 2830 Continuo
1094 2763 1259 2850 quandam

84 2878 203 2934 nactus
220 2877 270 2932 est
286 2870 464 2955 puellulam
479 2869 740 2935 Oitlraristriam:
766 2872 851 2936 hanc
868 2894 978 2936 amare
995 2875 1105 2957 coepit
1119 2871 1256 2958 perdite.

82 2974 130 3037 Et
154 2974 309 3058 Pompon.
328 2977 387 3038 65:
414 2974 477 3063 [lli]
503 2976 602 3063 perii!
628 3000 689 3042 non
708 2977 854 3063 puellula
882 2985 953 3059 est3
978 2978 1135 3061 numquid
1157 2976 1257 3067 [nam]

82 3078 307 3144 abcondidisti
332 3080 423 3146 Inter
447 3082 572 3146 nates?

168 3190 300 3273 puellus,
326 3188 419 3253 Gem.
444 3190 510 3253 len.
536 3191 594 3273 frg.
621 3190 740 3275 (Wint.
765 3214 796 3276 p.
821 3189 897 3275 39):
929 3190 1028 3255 Dolet
1051 3190 1128 3255 huic
1151 3190 1262 3277 puello

81 3314 157 3356 sese
183 3314 299 3358 renum
325 3294 445 3360 ducier.
471 3334 514 3343 -
538 3296 673 3361 Puellus
700 3318 757 3383 pro
782 3319 862 3383 puer
887 3300 987 3362 etiam
1011 3297 1097 3383 apud
1117 3298 1260 3363 Ennium

81 3401 236 3466 occurrit.

168 3508 307 3591 petilius,
331 3508 425 3571 Asin.
443 3507 527 3573 694:
552 3508 617 3571 Dic
633 3511 734 3593 igitur
749 3508 823 3572 med
841 3510 1053 3590 anaticulam‚
1076 3509 1260 3575 columbam

84 3612 136 3675 vel
153 3610 319 3691 catellum,
344 3612 574 3695 Hirundinem,
598 3615 810 3695 monerulem,
833 3603 1069 3701 passerculum,
1093 3611 1259 3701 pistillum.

172 3722 302 3799 cereola,
328 3718 427 3783 Poen.
456 3720 558 3784 1094:
584 3720 624 3784 Ei
650 3720 790 3805 (lenoni)
815 3719 899 3786 duae
915 3721 1045 3807 puellae
1062 3733 1137 3789 sunt
1153 3746 1260 3789 mere-

81 3823 184 3887 trices
209 3825 358 3889 servolaa
381 3824 526 3891 Sorores.

172 3932 483 4016 servolicolaPoen.
500 3933 582 3997 267:
607 3955 649 3997 an
673 3940 706 3997 te
731 3934 777 3999 ihi
802 3936 852 3997 vis
875 3936 962 3999 inter
985 3938 1069 4001 istas
1092 3938 1257 4002 versarier

83 4036 235 4119 Miserae,
261 4038 401 4104 schoeno
426 4037 603 4124 delibutas,
627 4040 836 4107 servolicolas
860 4041 1038 4106 sordidas?

174 4265 194 4333 ¹)
213 4264 312 4320 Confer
330 4264 445 4324 Indicas.
