3175 4984
720 383 773 437 M
820 372 959 440 M>÷

248 562 320 646 rali)
346 562 388 627 ad
414 563 598 649 exemplum
621 567 711 629 vocis
736 564 898 651 opitulare
930 568 958 629 ti
981 564 1111 649 syllaba
1143 566 1252 632 brevis
1287 567 1423 656 expulsa

249 677 308 754 est,
333 676 371 734 ut
394 693 429 757 φι
454 673 485 734 10
511 668 719 757 ἀμφιφορεύς,
743 678 776 735 te
800 674 834 735 in
858 671 956 735 tetuli
981 670 1077 736 aliae.

337 781 546 863 conspicillum
570 777 700 857 Warte,
726 776 806 845 (list.
825 778 853 861 Ι,
880 781 909 856 1,
934 778 977 842 92
1001 786 1035 841 et
1058 778 1172 847 Parae.
1196 778 1281 843 med.
1306 781 1368 865 lrg.
1393 779 1421 862 Ι,

250 882 404 948 ePlauto
422 883 549 947 Nonius
573 905 604 968 p.
622 885 665 948 84
681 904 729 967 sq.
748 882 852 948 affert.
878 883 1032 949 Fortasse
1057 906 1130 948 oum
1155 883 1325 950 codicibus
1348 907 1422 950 con·

250 988 414 1075 spicilium
448 988 623 1073 legendum
660 996 718 1055 est.
776 990 984 1055 Prirnitirum
1019 990 1154 1055 Plautus
1189 1014 1251 1056 uon
1285 993 1424 1078 praebet

249 1102 360 1160 tamen
385 1095 520 1181 specula
546 1094 692 1161 eiusdem
717 1098 830 1181 stirpis
855 1102 916 1164 est.
1199 1087 1201 1091 ⁸
1265 1102 1267 1106 ’

338 1203 552 1290 crepusculum
596 1201 945 1288 Abenddammerung‚
992 1202 1068 1268 Cas.
1107 1205 1152 1271 40
1193 1203 1364 1269 descendit
1404 1226 1424 1269 a

248 1330 354 1397 crepes
369 1307 552 1395 (δνοφερός,
575 1308 703 1397 κνέφας)
728 1308 815 1393 quod
839 1309 1034 1375 vocabulum
1058 1308 1101 1375 ad
1117 1309 1276 1375 Sabinam
1302 1314 1425 1376 attinet

250 1415 446 1501 dialectum
476 1414 518 1480 ad
543 1415 727 1502 exemplum
752 1420 844 1481 cuius
867 1415 1050 1481 diluculum
1072 1417 1251 1481 formatum
1276 1426 1326 1481 est
1349 1438 1422 1481 rer·

250 1522 339 1605 bum,
364 1544 437 1586 curn
461 1526 529 1587 iarn
553 1526 604 1589 vis
630 1522 824 1587 deminutivi
849 1526 1048 1588 evanuisset.

339 1634 463 1698 crotillis
486 1631 539 1693 vel
560 1629 688 1694 todillis
713 1629 786 1715 Syr.
814 1630 852 1695 fr.
879 1628 961 1694 Cum
986 1632 1122 1695 extortis
1143 1630 1232 1714 talis,
1256 1652 1330 1697 cum
1355 1652 1424 1695 cro·

249 1734 332 1800 tiliis
357 1734 512 1822 (todillis)
537 1736 706 1801 crusculis.
754 1736 873 1801 Utrum
897 1740 1022 1803 maiore
1046 1736 1175 1824 legatur
1197 1740 1268 1801 iure
1293 1740 1348 1799 vix
1373 1735 1421 1800 di·

250 1840 387 1908 iudicari
419 1845 544 1928 poterit
578 1843 631 1928 (cf.
658 1842 800 1909 Winter.
830 1843 851 1907 l.
877 1865 905 1911 c.
928 1866 959 1930 p.
984 1845 1026 1909 47
1051 1845 1117 1930 sq.)
1173 1842 1329 1909 Orotillus
1360 1864 1424 1908 vox

251 1948 341 2013 nullo
364 1950 429 2013 nisi
452 1947 513 2013 hoc
537 1947 609 2014 loco
635 1956 751 2029 exstat,
784 1948 843 2013 sed
867 1949 1084 2033 succrotillus,
1119 1951 1197 2035 lein,
1233 1957 1308 2015 nant
1336 1947 1424 2035 apud

254 2056 436 2120 Titinnium
453 2057 629 2123 invenitur.
669 2053 718 2121 Of.
734 2054 834 2122 Ribb.
852 2054 974 2121 Conric.
992 2056 1107 2141 fragm.
1124 2080 1156 2142 p.
1177 2057 1248 2137 157,
1266 2057 1299 2119 Χ
1315 2056 1424 2121 Femi-

252 2164 331 2226 nina
347 2161 498 2227 fabulare
515 2161 703 2227 succrotilla
720 2163 846 2231 vocula.
872 2162 1012 2227 Todillis
1028 2184 1106 2227 vero
1121 2162 1317 2228 vocabulum
1331 2164 1425 2227 offert
1449 2148 1454 2155 ¹

252 2292 268 2333 e
281 2270 398 2335 Plauto
411 2268 641 2356 PaulFestp.
651 2270 716 2334 353
730 2269 813 2334 Todi
825 2290 929 2355 genus
941 2271 1051 2335 avium
1063 2291 1252 2356 parvarum.
1265 2269 1423 2336 Plautus:

252 2376 332 2443 Oum
350 2380 489 2443 extortis
513 2399 541 2442 e.
559 2399 590 2461 q.
607 2399 631 2442 s.
658 2383 692 2441 et
707 2377 831 2443 Festus
847 2400 878 2463 p.
896 2377 971 2442 352.
997 2375 1082 2442 Tudi
1098 2383 1175 2442 sunt
1193 2378 1284 2462 [aves
1301 2396 1423 2462 parvae

250 2481 334 2569 pede
367 2480 477 2569 cirilli,
512 2504 648 2567 quarum
682 2506 723 2547 m.
758 2484 897 2549 Plautus
929 2487 962 2548 in
996 2483 1117 2569 Sy[ro:
1158 2504 1233 2549 curn
1269 2482 1424 2568 extor]tis

251 2590 486 2675 mmeps

340 2700 464 2781 curtillo,
475 2695 769 2763 heraustraeuffeln
784 2694 904 2762 Pseud.
919 2696 983 2762 818
1001 2696 1092 2761 stilla
1108 2718 1128 2761 a
1144 2698 1239 2761 stiria
1255 2696 1423 2761 deseendit

252 2802 408 2891 neglecta
429 2802 663 2869 deminutionis
689 2804 834 2867 notione.
1487 2790 1496 2802 ³

339 2914 488 2995 hariolus,
504 2911 643 2992 hariolo,
660 2910 805 2976 hariolor
821 2910 874 2974 vel
891 2909 1022 2990 ariolus,
1037 2908 1288 2995 Opferschauer‚
1304 2910 1422 2988 feseln,

252 3038 351 3103 saepe
373 3021 550 3104 praecipue
566 3020 599 3082 i'n
617 3017 768 3083 Rudente
786 3024 960 3082 occurrunt
979 3019 1029 3082 ita
1045 3039 1107 3082 vs.
1125 3018 1200 3100 326,
1226 3020 1300 3099 377,
1327 3018 1421 3083 1139.

250 3123 323 3187 Nou
350 3123 392 3188 ab
418 3123 533 3188 eadem
559 3127 659 3210 stirpe
684 3147 749 3209 qua
773 3122 875 3210 iepsi'g
898 3124 949 3211 (ut
971 3124 1046 3190 vult
1063 3122 1229 3210 Georgius
1252 3127 1285 3187 in
1303 3122 1424 3208 lexico)

251 3228 310 3293 sed
333 3251 398 3313 qua
422 3229 586 3315 haruspex
610 3229 812 3296 derivandae
837 3238 915 3294 sunt
938 3252 1047 3294 voces.

339 3340 473 3421 lupulae,
498 3334 635 3401 Guertel
660 3334 718 3401 des
743 3335 856 3403 Orion.
903 3335 1022 3423 Amph.
1048 3336 1123 3400 275.

338 3448 450 3529 inputo,
475 3442 527 3507 die
551 3442 660 3507 Kehle
686 3441 918 3508 absohneiden.
966 3442 1071 3508 Stich.
1096 3444 1172 3510 581.

339 3555 477 3636 inpulsum
501 3548 619 3618 Kehle.
667 3549 767 3617 Mero.
792 3551 868 3618 613.

339 3661 538 3739 limholurius,
556 3656 891 3737 Borduerenmaeher,
905 3656 981 3726 Aul.
996 3657 1060 3723 519
1076 3678 1095 3721 a
1108 3658 1239 3741 limbus,
1252 3655 1425 3721 *limbolus

250 3763 433 3831 descendit.

337 3876 471 3940 medulla
498 3870 606 3955 hierli,
640 3870 744 3937 Stich.
770 3872 837 3937 340
866 3880 899 3938 et
927 3870 1118 3937 medullitus
1150 3872 1201 3935 bis
1234 3873 1283 3935 ins
1315 3870 1424 3937 Maru.

252 3978 348 4044 Truc.
366 3979 431 4043 439
457 4000 529 4043 cum
554 3977 682 4043 medius
706 3978 866 4043 vocabulo
892 3977 1066 4043 cohaerere
1090 3975 1247 4042 credibile
1271 4000 1337 4042 non
1362 3986 1423 4059 est,

251 4087 326 4168 quia
350 4087 362 4148 i
385 4086 499 4149 littera
522 4106 605 4169 quae
629 4091 720 4151 extat
743 4087 774 4147 in
802 4084 937 4162 medius,
964 4087 1097 4149 evanuit
1121 4086 1155 4149 in
1179 4083 1334 4149 medulla.

339 4196 539 4273 meticulosus,
564 4191 666 4256 voller
690 4190 825 4272 Furcht,
848 4190 966 4276 Amph.
992 4192 1066 4272 293,
1090 4191 1189 4257 Most.
1216 4191 1311 4257 1087.
1344 4191 1423 4257 Des·
1536 4276 1541 4285 ·

252 4296 361 4361 cendit
384 4320 403 4363 a
427 4299 630 4365 *meticulus
678 4297 827 4362 Eandem
856 4299 1061 4363 formationis
1091 4305 1251 4364 rationem
1283 4296 1424 4363 oderunt
