3175 4984
575 344 817 412 *49*

201 535 428 623 quadrimulur,
445 532 539 622 Oapt.
550 535 629 603 981:
646 536 731 601 Nam
747 537 811 602 tibi
828 536 1070 622 quadrimulum
1087 538 1178 604 Tuos
1194 546 1288 625 pater

107 641 309 729 peculiarem
326 641 461 728 parvolo
478 664 576 728 puero
595 641 694 709 dedit.
726 643 828 709 Poen.
846 644 905 712 85:
921 643 1187 730 Carthaginiensi
1202 645 1287 711 duae

107 749 202 813 fuere
225 749 324 832 filiae,
348 748 467 815 Altera
490 751 719 833 quinquennis,
744 750 850 815 altera
872 749 1090 835 quadrimula.

199 878 371 963 quantillus,
417 872 537 939 Pseud.
565 875 667 944 1192:
702 874 863 959 quantillo
895 882 1032 962 argento
1061 885 1095 941 te
1130 874 1288 941 conduxit

108 980 316 1046 Pseudolus?
353 981 455 1045 Poen.
474 981 574 1045 1167:
601 979 754 1054 Quantae
770 1003 788 1045 e
805 982 974 1066 quantillis
990 984 1057 1047 iam
1074 991 1151 1047 sunt
1167 985 1285 1049 factae.

110 1086 210 1151 Truc.
235 1088 316 1153 6372
341 1086 509 1161 Quantillo
535 1088 579 1150 mi
603 1108 701 1173 opere
724 1108 814 1151 nuno
836 1086 1027 1174 persuaderi
1050 1094 1171 1175 potest.

199 1213 307 1291 rullus,
331 1208 426 1296 Epid.
450 1210 532 1275 230:
559 1210 721 1275 Tunicam
745 1210 871 1293 rallam,
896 1215 1042 1277 tunicam
1066 1215 1216 1300 spissam.
1242 1252 1286 1261 —

109 1314 209 1389 Quod
233 1315 428 1381 vocabulum
453 1338 472 1381 a
496 1314 692 1401 quibusdam
716 1339 736 1382 a
759 1316 840 1408 rado
858 1316 1035 1402 derivatur,
1059 1318 1095 1383 id
1111 1318 1197 1403 quod
1216 1321 1283 1386 veri

111 1418 272 1486 dissimile
293 1429 351 1503 ast,
377 1443 451 1487 nam
475 1420 652 1509 respondet
676 1422 776 1488 alteri
800 1423 960 1489 vocabulo
984 1426 1101 1510 spissa,
1126 1423 1213 1512 quod
1236 1433 1287 1493 est

110 1534 311 1595 eontrarium
333 1532 437 1596 rallus
460 1535 571 1614 voois;
605 1540 639 1597 et
666 1537 799 1618 poetam
829 1554 928 1619 saepe
951 1532 1060 1597 verbis
1083 1533 1196 1599 ludere
1220 1536 1285 1597 iam

107 1635 460 1722 suprademonstrari.
494 1637 599 1703 Recte
624 1640 711 1701 enim
735 1638 863 1704 Nonius
888 1662 918 1725 p.
936 1637 1012 1719 539,
1040 1639 1079 1704 15
1101 1639 1189 1706 hunc
1212 1661 1285 1705 ver·
1367 1652 1372 1660 ’

107 1764 180 1807 sum
205 1742 345 1809 afferens
361 1744 491 1831 Epidioi
515 1745 650 1810 scribit:
676 1744 783 1829 Ralla,
808 1748 911 1810 restis
935 1744 1024 1810 diota
1048 1768 1068 1811 a
1091 1750 1238 1814 raritate.

196 1868 331 1953 raqillus,
363 1868 460 1955 Epid.
485 1869 567 1933 223:
596 1869 649 1933 An
678 1870 831 1954 regillam
860 1869 1052 1935 induculam
1077 1878 1136 1935 aut
1159 1869 1285 1936 mendi-

106 1970 215 2038 culam
240 1972 324 2062 (scil.
348 1974 466 2040 induta
490 1974 604 2061 erat)?

197 2102 304 2179 rullus,
343 2098 441 2163 Most.
481 2100 540 2165 40:
587 2099 684 2164 Libri
719 2101 767 2165 sio
807 2122 940 2166 versum
979 2100 1156 2186 praebent:
1201 2101 1284 2167 Ger-

106 2227 207 2270 mana
239 2204 391 2287 inluvies,
428 2210 450 2288 †
481 2209 633 2288 rusticus,
673 2208 792 2287 hircus,
829 2207 910 2271 hara
940 2211 1018 2272 suis.
1080 2209 1165 2272 Pers.
1203 2208 1284 2275 169:

106 2312 217 2377 Nimis
240 2311 376 2377 tandem
399 2336 451 2377 me
476 2312 608 2397 quidem
631 2336 689 2399 pro
713 2312 819 2377 barda
843 2319 877 2377 et
900 2336 957 2399 pro
981 2316 1107 2379 rustica
1130 2334 1204 2378 reor
1227 2314 1284 2379 ha·

105 2419 212 2484 bitam
238 2441 310 2483 esse
336 2418 462 2484 abste.
500 2418 665 2483 Usenerus
690 2425 866 2503 utrumque
882 2419 991 2485 locum
1009 2422 1154 2486 restituit
1170 2442 1284 2487 vocem

105 2528 203 2593 rullus
238 2527 397 2593 scribens.
449 2524 526 2591 Jam
561 2526 762 2593 Ritschelius
802 2525 933 2593 viderat
970 2526 1139 2612 glossema
1172 2530 1284 2593 inesse

105 2631 332 2697 Mostellariae
356 2631 429 2697 loco
455 2634 497 2701 of.
519 2633 603 2702 Mus.
627 2633 732 2699 Rhen.
758 2640 837 2705 tom.
860 2634 980 2701 XXIV
1010 2660 1041 2723 p.
1066 2635 1143 2704 331.
1190 2633 1284 2710 Quod

104 2737 215 2802 locum
234 2740 354 2804 Persae
379 2741 511 2823 attinet,
537 2743 670 2825 scripsit
684 2740 807 2805 blenna
831 2740 985 2826 ,exempli
1002 2761 1117 2804 nausa:
1143 2762 1201 2826 pro
1219 2761 1282 2823 quo

102 2848 218 2907 tamen
244 2843 334 2908 aliud
357 2842 612 2929 indagandun1‘3
636 2844 722 2929 quod
746 2846 886 2909 feliciter
901 2844 1081 2930 indagasse
1098 2845 1282 2910 Usenerum

101 2948 161 3033 (cf.
187 2948 271 3012 Mus.
297 2949 404 3017 Rhen.
420 2954 501 3015 tom.
516 2948 627 3032 XVII,
652 2973 683 3035 p.
700 2949 782 3036 469)
806 2957 873 3015 tam
898 2952 970 3036 ipse
993 2958 1111 3037 postea
1134 2954 1283 3038 agnovit,

101 3074 204 3137 quam
228 3052 419 3139 Langenius
442 3053 496 3139 (cf.
522 3054 617 3124 Stud.
641 3055 750 3120 Plaut.
777 3079 808 3141 p.
832 3054 902 3142 59).
949 3055 1069 3121 Rullus
1098 3078 1215 3121 vocem
1247 3060 1281 3120 in

102 3157 282 3223 Philoxeni
309 3159 430 3243 glossis
458 3162 642 3227 invenimus
667 3160 778 3249 (Gorp.
805 3161 914 3227 Gloss.
940 3161 997 3227 lat.
1022 3163 1069 3247 H,
1096 3164 1169 3245 176,
1196 3165 1237 3246 1.)

197 3274 358 3357 Sonista,
405 3274 508 3343 Stich.
533 3276 616 3341 694:
653 3299 710 3343 nos
745 3282 856 3342 nostro
887 3277 1033 3343 Samiolo
1064 3281 1190 3364 potorio
1221 3278 1282 3358 (hi-

102 3380 239 3465 bimus).

194 3500 328 3577 catulus,
364 3496 448 3562 Rud.
475 3496 556 3564 565:
583 3498 656 3575 Qua
685 3505 764 3565 sunt
793 3500 879 3566 facie
904 3499 1117 3588 (mulieres)l
1140 3538 1184 3547 -
1207 3499 1281 3567 Sci·

102 3601 185 3667 tula.
231 3602 311 3667 ibid.
336 3602 418 3668 894:
449 3606 517 3669 iam
548 3603 698 3669 cluentes
730 3609 868 3693 repperi,
891 3606 1006 3690 Atque
1037 3606 1152 3673 ambas
1174 3606 1283 3674 forma

103 3708 226 3774 scitula
250 3714 349 3795 atque
373 3710 531 3775 aetatula.

194 3826 380 3907 sordidulus,
417 3825 518 3889 Poen.
543 3824 628 3889 270:
657 3823 866 3891 Servolorum
897 3825 1140 3893 sordidulorum
1169 3833 1282 3893 scorta

103 3927 300 3997 diobolaris.

193 4048 338 4129 tantulus,
364 4046 483 4111 Bacch.
509 4044 588 4115 209:
624 4067 689 4111 non
712 4046 877 4112 tantulum
900 4049 1092 4113 intermittit
1115 4055 1254 4135 tempus.

193 4152 336 4235 tcosdllus,
372 4152 472 4219 Most.
497 4153 577 4217 394:
601 4154 688 4219 Nam
718 4155 808 4217 intus
837 4159 950 4241 potate
973 4154 1040 4219 hau
1061 4153 1192 4220 tantillo
1215 4154 1281 4220 hac

102 4258 235 4343 quidem
261 4279 362 4324 causa
386 4262 502 4323 minus.
550 4260 651 4328 Poen.
677 4260 759 4328 273:
793 4260 928 4325 tantilla
957 4266 1052 4326 tanta
1081 4260 1183 4327 verba
1205 4262 1279 4326 fun·

1098 4387 1116 4439 4
