3175 4984
569 345 809 413 4<17>⁴=

178 542 329 626 stipalor‚
354 536 539 624 angeloben
564 536 698 625 (lassen)
722 559 743 602 a
765 537 908 623 stipulus
931 537 1017 622 quod
1046 560 1066 604 a
1089 541 1191 625 stipes
1224 563 1278 605 vo·

104 645 222 711 cabulo
248 644 432 708 derivatum
456 665 527 709 esse
550 642 691 709 videtur.
731 644 806 709 Gur.
831 646 913 728 4733
936 644 1056 719 Pseud.
1076 647 1171 711 1069.
1196 647 1277 712 For·

104 759 194 818 tasse
217 752 328 837 potius
352 774 372 815 a
395 752 488 837 stips,
510 751 633 837 stipula
657 749 807 817 derivare
830 750 920 818 lieet.

194 862 322 945 tippula
345 856 610 943 Wasserspinne.
631 856 705 931 ‚Sio
725 857 821 923 Paul.
838 858 929 922 uest.
952 882 984 945 p.
1001 858 1084 923 366:
1110 858 1278 925 Bestiolae

104 986 208 1051 genus
225 986 284 1029 sex
299 963 401 1052 pedes
417 963 582 1048 habentis,
606 962 665 1029 sed
679 969 794 1030 tantae
811 964 968 1047 levitatis,
993 971 1029 1031 ut
1045 988 1142 1051 super
1159 988 1277 1052 aquam

104 1094 237 1138 currens
260 1094 325 1135 non
351 1069 492 1135 desidat.
537 1072 696 1137 Plautus:
723 1094 827 1157 neque
849 1072 998 1159 tippulae
1020 1072 1126 1138 levius
1151 1073 1277 1160 pondus

104 1187 164 1259 est,
190 1200 288 1264 quam
311 1177 391 1242 fides
413 1178 546 1244 lenonia
564 1180 669 1265 (Pers.
686 1178 777 1266 244).
817 1179 938 1246 Afferri
953 1180 1040 1245 solet
1056 1186 1090 1246 et
1105 1182 1138 1243 in
1155 1181 1276 1263 fragm.

104 1290 167 1351 ino.
192 1285 294 1350 fabul.
317 1284 471 1349 XLVIII
496 1285 532 1372 (l.
557 1286 580 1361 l.
604 1309 634 1372 p.
654 1286 709 1373 73)
734 1292 768 1352 et
790 1288 825 1351 in
849 1287 1010 1351 Varronis
1027 1286 1279 1374 Menippearum

104 1392 251 1477 reliquiis
284 1415 313 1455 v.
350 1391 393 1457 50
426 1391 525 1477 (frag.
559 1392 608 1458 VI
647 1391 826 1459 seeundum
850 1392 1045 1460 Buecheler-i
1076 1393 1278 1480 editionem).

103 1499 232 1564 Nonius
264 1497 381 1564 deinde
412 1522 443 1585 p.
470 1500 544 1580 180,
571 1500 611 1564 12
635 1499 680 1563 Μ.
707 1499 804 1567 dicit:
841 1499 994 1588 Tippula‚
1025 1499 1150 1565 animal
1180 1499 1278 1564 levis·

105 1606 235 1689 simum,
259 1602 346 1689 quod
370 1626 473 1689 aquas
497 1628 558 1670 non
583 1604 701 1687 nando,
726 1604 784 1669 sed
802 1604 982 1691 gradiendo
999 1612 1158 1671 transeat.
1182 1605 1278 1671 Unde

106 1710 255 1777 derivata
279 1713 323 1775 sit
348 1734 409 1776 vox
430 1713 586 1792 nescitur,
610 1712 753 1776 fortasse
771 1734 811 1777 ex
828 1712 894 1777 alia
909 1713 1023 1797 lingua
1038 1712 1202 1778 translata
1219 1718 1278 1777 est.

194 1821 366 1904 tranquille,
390 1816 599 1901 tranquillae,
616 1817 852 1901 tranquillitas,
876 1819 972 1905 ruhig
988 1818 1136 1901 machon,
1154 1817 1278 1898 stillen.

104 1924 156 1987 De
179 1944 242 2007 quo
266 1924 366 1987 verbo
391 1923 476 2008 quod
502 1922 609 1988 dioam
633 1923 716 1988 nihil
739 1924 858 2005 habeo,
889 1927 955 1990 nisi
977 1925 1064 2009 quod
1088 1946 1161 1990 oum
1186 1930 1280 1991 trans

106 2034 140 2093 et
164 2032 266 2113 quies,
300 2035 337 2095 ut
360 2030 484 2114 volunt,
518 2033 736 2116 compositum
770 2052 844 2095 esse
868 2033 937 2095 veri
968 2032 1075 2097 simile
1104 2032 1187 2095 mihi
1215 2056 1279 2097 non

108 2134 235 2201 videtur
260 2158 340 2200 esse.
388 2132 482 2222 Capt.
508 2138 588 2218 106;
613 2136 688 2204 Gas.
713 2139 772 2219 263
794 2137 896 2202 Mero.
922 2138 996 2201 878.

193 2247 346 2327 vinnolas,
375 2243 512 2307 fortasse
536 2242 683 2325 lieblioh‚
714 2264 816 2308 suess.
856 2245 949 2308 Asin.
974 2244 1050 2312 223.
1092 2244 1280 2311 Novissime

104 2348 159 2413 Fr.
178 2348 321 2415 Stolzius
344 2350 378 2412 in
405 2348 604 2432 „Festgruss
628 2370 687 2413 aus
705 2349 893 2414 Innsbruok
922 2372 966 2413 an
989 2351 1043 2415 die
1066 2350 1179 2418 XLII.
1197 2351 1278 2417 Ver·

105 2454 291 2541 sammlung
315 2453 490 2520 deutscher
515 2453 711 2541 Philologen
734 2454 801 2531 und
824 2455 1084 2523 Sohulmaenner
1107 2460 1142 2521 in
1158 2458 1277 2523 Wien“

103 2584 134 2646 p.
160 2560 224 2625 105
247 2560 309 2625 hoo
334 2559 373 2623 de
397 2559 559 2626 vocabulo
584 2564 660 2647 egit.
708 2560 848 2646 Omisit,
876 2563 1031 2629 vinnulus
1054 2586 1167 2629 vocem
1192 2564 1278 2629 deri·

104 2676 330 2733 vatamessea
348 2668 569 2734 *ren-so-nolo
589 2672 622 2752 <a
642 2669 924 2735 voeabuloIndioo
946 2669 1280 2753 sancho-,Wunsoh‘)

105 2772 190 2839 unde
201 2774 379 2840 *venonolo
394 2780 427 2839 et
440 2775 640 2861 *rengnolm
655 2798 671 2841 e
684 2775 834 2841 vooalem
846 2776 1085 2862 praecedentes
1100 2777 1279 2863 n†guttu-

105 2882 204 2947 ralem
229 2882 263 2945 in
286 2884 298 2944 i
321 2886 483 2946 mutatam
509 2904 579 2947 esse
604 2882 784 2967 itidemque
809 2904 876 2967 ngn
905 2885 940 2945 in
965 2905 1019 2964 nn,
1053 2885 1166 2965 itaque
1195 2881 1279 2947 bene

105 2985 262 3073 explicari
286 2992 320 3050 ot
343 2988 504 3069 originem
529 2993 561 3051 et
588 2987 864 3072 significationem
887 2988 1020 3053 formae.

194 3096 324 3176 volsella,
348 3091 460 3156 kleine
477 3093 600 3178 Lange,
625 3090 721 3159 Ouro.
737 3093 815 3175 577,
831 3094 999 3179 primitivo
1016 3092 1163 3159 *volsula
1179 3100 1278 3159 caret.

105 3198 366 3265 Usitatissimam
390 3198 490 3263 fuisso
511 3199 596 3266 hano
614 3222 726 3265 vooem
752 3221 770 3265 e
793 3202 966 3288 proverbio
985 3200 1110 3267 elucet:
1135 3222 1280 3288 pugnare

108 3305 248 3371 volsillis
272 3304 368 3391 (siet)
393 3328 457 3370 non
482 3304 593 3393 gladio
618 3306 721 3371 Varro
746 3307 785 3372 L.
810 3306 849 3370 L.
873 3306 933 3371 IX.
959 3308 1012 3373 33.

193 3411 214 3475 J
217 3433 269 3475 am
284 3417 459 3497 postquam
474 3418 670 3499 perventum
687 3419 738 3479 est
755 3412 799 3477 ad
815 3435 855 3478 ea
870 3412 1085 3495 deminutiva,
1103 3412 1144 3479 de
1160 3414 1280 3499 quibus

14 3522 15 3525 ’
105 3515 248 3583 dubitari
271 3524 480 3605 non'potest,
516 3518 600 3583 duae
628 3520 744 3583 horum
775 3518 1009 3583 vocabulorum
1040 3523 1187 3584 rationes
1216 3520 1281 3584 dis-

105 3621 307 3708 tinguendae
332 3632 418 3692 sunt.
465 3624 582 3689 Altera
614 3628 701 3688 enim
733 3624 938 3689 deminutiva
961 3648 982 3690 a
1013 3626 1183 3691 vocabulis
1211 3630 1280 3691 suis

106 3731 282 3815 primitivis
306 3732 354 3794 ita
377 3727 574 3815 disorepant,
598 3736 635 3795 ut
658 3733 749 3816 ipsae
774 3736 986 3815 utrorumque
1009 3735 1157 3797 notiones
1182 3732 1278 3797 modo

107 3842 139 3899 et
162 3835 290 3901 ambitu
306 3835 456 3901 differant
480 3836 532 3923 (ut
552 3856 638 3921 uros,
661 3837 801 3923 Kssten,
826 3836 948 3917 amula,
973 3838 1101 3903 kleiner
1125 3839 1280 3925 Kastron),

106 3940 212 4005 alters
235 3964 287 4015 res
304 3941 437 4008 easdem
454 3947 553 4027 atque
569 3945 738 4031 primitiva
753 3944 953 4031 significant,
966 3945 1024 4010 sed
1036 3946 1280 4033 hypocoristioo

106 4045 237 4112 dioendi
261 4048 379 4117 eolore.
