<?xml version="1.0" encoding="UTF-8"?>
<!DOCTYPE html PUBLIC "-//W3C//DTD XHTML 1.0 Transitional//EN"
    "http://www.w3.org/TR/xhtml1/DTD/xhtml1-transitional.dtd">
<html xmlns="http://www.w3.org/1999/xhtml" xml:lang="en" lang="en">
 <head>
  <title>
</title>
<meta http-equiv="Content-Type" content="text/html;charset=utf-8" />
  <meta name='ocr-system' content='tesseract 3.04.00' />
  <meta name='ocr-capabilities' content='ocr_page ocr_carea ocr_par ocr_line ocrx_word'/>
</head>
<body>
  <div class='ocr_page' id='page_1' title='image "./dedeminutivispl00ryhigoog_0039.png"; bbox 0 0 3175 4984; ppageno 0'>
   <div class='ocr_carea' id='block_1_1' title="bbox 572 344 813 413">
    <p class='ocr_par' dir='ltr' id='par_1_1' title="bbox 572 344 813 413">
     <span class='ocr_line' id='line_1_1' title="bbox 572 344 813 413; baseline 0.008 -2"><span class='ocrx_word' id='word_1_1' title='bbox 572 344 813 413; x_wconf 59' lang='lat' dir='ltr'><strong>-e&lt;3l&gt;÷</strong></span> 
     </span>
    </p>
   </div>
   <div class='ocr_carea' id='block_1_2' title="bbox 95 534 1274 2858">
    <p class='ocr_par' dir='ltr' id='par_1_2' title="bbox 95 534 1274 1370">
     <span class='ocr_line' id='line_1_2' title="bbox 185 534 1273 623; baseline -0.006 -15"><span class='ocrx_word' id='word_1_2' title='bbox 185 541 322 623; x_wconf 77' lang='lat' dir='ltr'><strong>lectulus,</strong></span> <span class='ocrx_word' id='word_1_3' title='bbox 344 536 435 601; x_wconf 90' lang='lat' dir='ltr'><strong>Pers.</strong></span> <span class='ocrx_word' id='word_1_4' title='bbox 460 537 544 604; x_wconf 81' lang='lat'>759:</span> <span class='ocrx_word' id='word_1_5' title='bbox 569 535 715 601; x_wconf 82' lang='lat' dir='ltr'><strong>Statuite</strong></span> <span class='ocrx_word' id='word_1_6' title='bbox 738 534 793 600; x_wconf 92' lang='lat' dir='ltr'><strong>hio</strong></span> <span class='ocrx_word' id='word_1_7' title='bbox 808 534 964 603; x_wconf 84' lang='lat' dir='ltr'><strong>lectulos:</strong></span> <span class='ocrx_word' id='word_1_8' title='bbox 989 540 1100 621; x_wconf 85' lang='lat' dir='ltr'><strong>ponite</strong></span> <span class='ocrx_word' id='word_1_9' title='bbox 1114 535 1169 600; x_wconf 90' lang='lat' dir='ltr'><strong>hic</strong></span> <span class='ocrx_word' id='word_1_10' title='bbox 1186 557 1273 621; x_wconf 87' lang='lat' dir='ltr'><strong>quae</strong></span> 
     </span>
     <span class='ocr_line' id='line_1_3' title="bbox 95 643 1272 731; baseline -0.004 -17"><span class='ocrx_word' id='word_1_11' title='bbox 95 646 259 714; x_wconf 82' lang='lat' dir='ltr'><strong>adsolent.</strong></span> <span class='ocrx_word' id='word_1_12' title='bbox 307 646 404 712; x_wconf 79' lang='lat' dir='ltr'><strong>Truc.</strong></span> <span class='ocrx_word' id='word_1_13' title='bbox 428 643 490 711; x_wconf 80' lang='lat'><strong>54:</strong></span> <span class='ocrx_word' id='word_1_14' title='bbox 523 644 594 711; x_wconf 86' lang='lat' dir='ltr'><strong>Aut</strong></span> <span class='ocrx_word' id='word_1_15' title='bbox 624 665 684 709; x_wconf 83' lang='lat' dir='ltr'><strong>vas</strong></span> <span class='ocrx_word' id='word_1_16' title='bbox 718 643 859 708; x_wconf 87' lang='lat' dir='ltr'><strong>ahenum</strong></span> <span class='ocrx_word' id='word_1_17' title='bbox 891 650 1022 730; x_wconf 86' lang='lat' dir='ltr'><strong>raptum</strong></span> <span class='ocrx_word' id='word_1_18' title='bbox 1055 650 1115 710; x_wconf 90' lang='lat' dir='ltr'><strong>aut</strong></span> <span class='ocrx_word' id='word_1_19' title='bbox 1146 644 1272 731; x_wconf 87' lang='lat' dir='ltr'><strong>cleptus</strong></span> 
     </span>
     <span class='ocr_line' id='line_1_4' title="bbox 96 748 1273 837; baseline -0.002 -19"><span class='ocrx_word' id='word_1_20' title='bbox 96 754 248 823; x_wconf 81' lang='lat' dir='ltr'><strong>lectulus.</strong></span> <span class='ocrx_word' id='word_1_21' title='bbox 294 751 476 818; x_wconf 83' lang='lat' dir='ltr'><strong>Schoellius</strong></span> <span class='ocrx_word' id='word_1_22' title='bbox 500 751 627 836; x_wconf 87' lang='lat' dir='ltr'><strong>cleptus</strong></span> <span class='ocrx_word' id='word_1_23' title='bbox 650 748 792 815; x_wconf 86' lang='lat' dir='ltr'><strong>lectulus</strong></span> <span class='ocrx_word' id='word_1_24' title='bbox 816 756 926 815; x_wconf 88' lang='lat' dir='ltr'><strong>tentat</strong></span> <span class='ocrx_word' id='word_1_25' title='bbox 957 771 1015 836; x_wconf 91' lang='lat' dir='ltr'><strong>pro</strong></span> <span class='ocrx_word' id='word_1_26' title='bbox 1048 748 1173 817; x_wconf 88' lang='lat' dir='ltr'><strong>electus</strong></span> <span class='ocrx_word' id='word_1_27' title='bbox 1204 751 1273 837; x_wconf 90' lang='lat' dir='ltr'><strong>lap-</strong></span> 
     </span>
     <span class='ocr_line' id='line_1_5' title="bbox 97 855 1267 944; baseline -0.003 -19"><span class='ocrx_word' id='word_1_28' title='bbox 97 860 183 943; x_wconf 90' lang='lat' dir='ltr'><strong>tiles,</strong></span> <span class='ocrx_word' id='word_1_29' title='bbox 204 860 311 925; x_wconf 88' lang='lat' dir='ltr'><strong>lectus</strong></span> <span class='ocrx_word' id='word_1_30' title='bbox 327 858 473 944; x_wconf 74' lang='lat' dir='ltr'><strong>laptiles,</strong></span> <span class='ocrx_word' id='word_1_31' title='bbox 496 856 642 943; x_wconf 76' lang='lat' dir='ltr'><strong>dapsilis,</strong></span> <span class='ocrx_word' id='word_1_32' title='bbox 667 877 751 942; x_wconf 90' lang='lat' dir='ltr'><strong>quae</strong></span> <span class='ocrx_word' id='word_1_33' title='bbox 767 855 905 921; x_wconf 87' lang='lat' dir='ltr'><strong>tradunt</strong></span> <span class='ocrx_word' id='word_1_34' title='bbox 919 856 1005 920; x_wconf 81' lang='lat' dir='ltr'><strong>libri.</strong></span> <span class='ocrx_word' id='word_1_35' title='bbox 1045 856 1144 921; x_wconf 89' lang='lat' dir='ltr'><strong>Haud</strong></span> <span class='ocrx_word' id='word_1_36' title='bbox 1159 860 1267 922; x_wconf 85' lang='lat' dir='ltr'><strong>miuus</strong></span> 
     </span>
     <span class='ocr_line' id='line_1_6' title="bbox 97 961 1274 1049; baseline -0.003 -18"><span class='ocrx_word' id='word_1_37' title='bbox 97 967 180 1031; x_wconf 89' lang='lat' dir='ltr'><strong>bene</strong></span> <span class='ocrx_word' id='word_1_38' title='bbox 203 964 424 1031; x_wconf 88' lang='lat' dir='ltr'><strong>Buechelerus</strong></span> <span class='ocrx_word' id='word_1_39' title='bbox 447 964 569 1029; x_wconf 87' lang='lat' dir='ltr'><strong>electus</strong></span> <span class='ocrx_word' id='word_1_40' title='bbox 591 962 679 1049; x_wconf 90' lang='lat' dir='ltr'><strong>lapis</strong></span> <span class='ocrx_word' id='word_1_41' title='bbox 702 962 827 1028; x_wconf 85' lang='lat' dir='ltr'><strong>scribit.</strong></span> <span class='ocrx_word' id='word_1_42' title='bbox 871 962 946 1032; x_wconf 78' lang='lat' dir='ltr'><strong>Ter.</strong></span> <span class='ocrx_word' id='word_1_43' title='bbox 962 961 1105 1049; x_wconf 81' lang='lat' dir='ltr'><strong>Adelph.</strong></span> <span class='ocrx_word' id='word_1_44' title='bbox 1120 964 1204 1031; x_wconf 74' lang='lat'><strong>285:</strong></span> <span class='ocrx_word' id='word_1_45' title='bbox 1228 962 1274 1027; x_wconf 82' lang='lat' dir='ltr'><strong>Et</strong></span> 
     </span>
     <span class='ocr_line' id='line_1_7' title="bbox 96 1067 1270 1155; baseline 0 -20"><span class='ocrx_word' id='word_1_46' title='bbox 96 1071 236 1138; x_wconf 89' lang='lat' dir='ltr'><strong>lectulos</strong></span> <span class='ocrx_word' id='word_1_47' title='bbox 260 1070 337 1137; x_wconf 91' lang='lat' dir='ltr'><strong>iube</strong></span> <span class='ocrx_word' id='word_1_48' title='bbox 361 1072 466 1135; x_wconf 89' lang='lat' dir='ltr'><strong>sterni</strong></span> <span class='ocrx_word' id='word_1_49' title='bbox 482 1068 577 1133; x_wconf 90' lang='lat' dir='ltr'><strong>nobis</strong></span> <span class='ocrx_word' id='word_1_50' title='bbox 593 1077 626 1135; x_wconf 86' lang='lat' dir='ltr'><strong>et</strong></span> <span class='ocrx_word' id='word_1_51' title='bbox 640 1071 749 1155; x_wconf 87' lang='lat' dir='ltr'><strong>parari</strong></span> <span class='ocrx_word' id='word_1_52' title='bbox 765 1075 890 1153; x_wconf 77' lang='lat' dir='ltr'><strong>rmtcra3</strong></span> <span class='ocrx_word' id='word_1_53' title='bbox 914 1067 996 1137; x_wconf 81' lang='lat' dir='ltr'><strong>ibid.</strong></span> <span class='ocrx_word' id='word_1_54' title='bbox 1009 1068 1090 1135; x_wconf 83' lang='lat'><strong>585:</strong></span> <span class='ocrx_word' id='word_1_55' title='bbox 1113 1069 1270 1135; x_wconf 87' lang='lat' dir='ltr'><strong>Lectulos</strong></span> 
     </span>
     <span class='ocr_line' id='line_1_8' title="bbox 96 1173 1273 1263; baseline -0.002 -21"><span class='ocrx_word' id='word_1_56' title='bbox 96 1182 131 1243; x_wconf 92' lang='lat' dir='ltr'><strong>in</strong></span> <span class='ocrx_word' id='word_1_57' title='bbox 156 1178 226 1244; x_wconf 91' lang='lat' dir='ltr'><strong>sole</strong></span> <span class='ocrx_word' id='word_1_58' title='bbox 254 1177 366 1263; x_wconf 88' lang='lat' dir='ltr'><strong>ilignis</strong></span> <span class='ocrx_word' id='word_1_59' title='bbox 400 1175 539 1263; x_wconf 88' lang='lat' dir='ltr'><strong>pedibus</strong></span> <span class='ocrx_word' id='word_1_60' title='bbox 570 1174 743 1241; x_wconf 78' lang='lat' dir='ltr'><strong>faciundos</strong></span> <span class='ocrx_word' id='word_1_61' title='bbox 766 1173 869 1239; x_wconf 89' lang='lat' dir='ltr'><strong>dedit.</strong></span> <span class='ocrx_word' id='word_1_62' title='bbox 915 1175 998 1239; x_wconf 84' lang='lat' dir='ltr'><strong>Eun.</strong></span> <span class='ocrx_word' id='word_1_63' title='bbox 1023 1174 1107 1241; x_wconf 77' lang='lat'><strong>573:</strong></span> <span class='ocrx_word' id='word_1_64' title='bbox 1144 1174 1273 1242; x_wconf 83' lang='lat' dir='ltr'><strong>Deinde</strong></span> 
     </span>
     <span class='ocr_line' id='line_1_9' title="bbox 96 1280 773 1370; baseline -0.004 -21"><span class='ocrx_word' id='word_1_65' title='bbox 96 1306 170 1349; x_wconf 92' lang='lat' dir='ltr'><strong>eam</strong></span> <span class='ocrx_word' id='word_1_66' title='bbox 194 1283 383 1370; x_wconf 81' lang='lat' dir='ltr'><strong>(virginem)</strong></span> <span class='ocrx_word' id='word_1_67' title='bbox 407 1286 441 1348; x_wconf 91' lang='lat' dir='ltr'><strong>in</strong></span> <span class='ocrx_word' id='word_1_68' title='bbox 465 1280 587 1347; x_wconf 86' lang='lat' dir='ltr'><strong>lectulo</strong></span> <span class='ocrx_word' id='word_1_69' title='bbox 610 1281 773 1352; x_wconf 84' lang='lat' dir='ltr'><strong>locarunt.</strong></span> 
     </span>
    </p>

    <p class='ocr_par' dir='ltr' id='par_1_3' title="bbox 96 1386 1273 1899">
     <span class='ocr_line' id='line_1_10' title="bbox 186 1386 1272 1473; baseline -0.006 -15"><span class='ocrx_word' id='word_1_70' title='bbox 186 1390 337 1473; x_wconf 79' lang='lat' dir='ltr'><strong>mansula,</strong></span> <span class='ocrx_word' id='word_1_71' title='bbox 360 1390 460 1459; x_wconf 71' lang='lat' dir='ltr'><strong>Most</strong></span> <span class='ocrx_word' id='word_1_72' title='bbox 484 1389 567 1454; x_wconf 76' lang='lat'>296:</span> <span class='ocrx_word' id='word_1_73' title='bbox 601 1389 673 1473; x_wconf 87' lang='lat' dir='ltr'><strong>Age</strong></span> <span class='ocrx_word' id='word_1_74' title='bbox 699 1387 856 1453; x_wconf 79' lang='lat' dir='ltr'><strong>accumbe</strong></span> <span class='ocrx_word' id='word_1_75' title='bbox 880 1390 993 1473; x_wconf 88' lang='lat' dir='ltr'><strong>igitur.</strong></span> <span class='ocrx_word' id='word_1_76' title='bbox 1040 1386 1129 1454; x_wconf 81' lang='lat' dir='ltr'><strong>Cedo</strong></span> <span class='ocrx_word' id='word_1_77' title='bbox 1153 1410 1272 1473; x_wconf 89' lang='lat' dir='ltr'><strong>aquam</strong></span> 
     </span>
     <span class='ocr_line' id='line_1_11' title="bbox 98 1494 1273 1582; baseline -0.004 -21"><span class='ocrx_word' id='word_1_78' title='bbox 98 1496 253 1561; x_wconf 80' lang='lat' dir='ltr'><strong>munibus</strong></span> <span class='ocrx_word' id='word_1_79' title='bbox 277 1518 385 1582; x_wconf 88' lang='lat' dir='ltr'><strong>puere,</strong></span> <span class='ocrx_word' id='word_1_80' title='bbox 419 1516 546 1581; x_wconf 90' lang='lat' dir='ltr'><strong>appone</strong></span> <span class='ocrx_word' id='word_1_81' title='bbox 579 1494 633 1559; x_wconf 90' lang='lat' dir='ltr'><strong>hic</strong></span> <span class='ocrx_word' id='word_1_82' title='bbox 666 1494 859 1559; x_wconf 89' lang='lat' dir='ltr'><strong>mensulam.</strong></span> <span class='ocrx_word' id='word_1_83' title='bbox 906 1494 1006 1580; x_wconf 84' lang='lat' dir='ltr'><strong>Apul.</strong></span> <span class='ocrx_word' id='word_1_84' title='bbox 1030 1494 1113 1564; x_wconf 80' lang='lat' dir='ltr'><strong>Met.</strong></span> <span class='ocrx_word' id='word_1_85' title='bbox 1135 1494 1182 1573; x_wconf 91' lang='lat' dir='ltr'><strong>II,</strong></span> <span class='ocrx_word' id='word_1_86' title='bbox 1215 1496 1273 1560; x_wconf 87' lang='lat' dir='ltr'><strong>ll:</strong></span> 
     </span>
     <span class='ocr_line' id='line_1_12' title="bbox 98 1599 1272 1686; baseline -0.005 -17"><span class='ocrx_word' id='word_1_87' title='bbox 98 1604 231 1672; x_wconf 88' lang='lat' dir='ltr'><strong>Milonis</strong></span> <span class='ocrx_word' id='word_1_88' title='bbox 256 1603 334 1668; x_wconf 90' lang='lat' dir='ltr'><strong>boni</strong></span> <span class='ocrx_word' id='word_1_89' title='bbox 357 1604 631 1669; x_wconf 87' lang='lat' dir='ltr'><strong>concinnaticiam</strong></span> <span class='ocrx_word' id='word_1_90' title='bbox 654 1601 838 1665; x_wconf 89' lang='lat' dir='ltr'><strong>mensulam</strong></span> <span class='ocrx_word' id='word_1_91' title='bbox 865 1605 1004 1686; x_wconf 86' lang='lat' dir='ltr'><strong>rogatus</strong></span> <span class='ocrx_word' id='word_1_92' title='bbox 1035 1599 1272 1682; x_wconf 66' lang='lat' dir='ltr'><strong>accubueram</strong></span> 
     </span>
     <span class='ocr_line' id='line_1_13' title="bbox 97 1706 1272 1791; baseline -0.003 -16"><span class='ocrx_word' id='word_1_93' title='bbox 97 1709 178 1775; x_wconf 88' lang='lat' dir='ltr'><strong>ibid.</strong></span> <span class='ocrx_word' id='word_1_94' title='bbox 202 1709 247 1791; x_wconf 90' lang='lat' dir='ltr'><strong>II,</strong></span> <span class='ocrx_word' id='word_1_95' title='bbox 272 1708 335 1777; x_wconf 81' lang='lat'><strong>15:</strong></span> <span class='ocrx_word' id='word_1_96' title='bbox 369 1708 499 1773; x_wconf 81' lang='lat' dir='ltr'><strong>adstitit</strong></span> <span class='ocrx_word' id='word_1_97' title='bbox 531 1707 681 1773; x_wconf 88' lang='lat' dir='ltr'><strong>mensula</strong></span> <span class='ocrx_word' id='word_1_98' title='bbox 711 1728 836 1773; x_wconf 87' lang='lat' dir='ltr'><strong>coenae</strong></span> <span class='ocrx_word' id='word_1_99' title='bbox 859 1709 975 1789; x_wconf 83' lang='lat' dir='ltr'><strong>totius,</strong></span> <span class='ocrx_word' id='word_1_100' title='bbox 1006 1706 1163 1772; x_wconf 89' lang='lat' dir='ltr'><strong>honestas</strong></span> <span class='ocrx_word' id='word_1_101' title='bbox 1194 1707 1272 1772; x_wconf 84' lang='lat' dir='ltr'><strong>reli·</strong></span> 
     </span>
     <span class='ocr_line' id='line_1_14' title="bbox 96 1814 377 1899; baseline 0.004 -19"><span class='ocrx_word' id='word_1_102' title='bbox 96 1818 194 1899; x_wconf 88' lang='lat' dir='ltr'><strong>quias</strong></span> <span class='ocrx_word' id='word_1_103' title='bbox 217 1814 377 1882; x_wconf 79' lang='lat' dir='ltr'><strong>tolerans.</strong></span> 
     </span>
    </p>

    <p class='ocr_par' dir='ltr' id='par_1_4' title="bbox 96 1918 1273 2623">
     <span class='ocr_line' id='line_1_15' title="bbox 183 1918 1273 2008; baseline -0.004 -19"><span class='ocrx_word' id='word_1_104' title='bbox 183 1925 355 2008; x_wconf 76' lang='lat' dir='ltr'><strong>periculus,</strong></span> <span class='ocrx_word' id='word_1_105' title='bbox 379 1918 581 1987; x_wconf 81' lang='lat' dir='ltr'><strong>Ruu1008:</strong></span> <span class='ocrx_word' id='word_1_106' title='bbox 605 1918 681 1984; x_wconf 90' lang='lat' dir='ltr'><strong>Jam</strong></span> <span class='ocrx_word' id='word_1_107' title='bbox 706 1940 767 2004; x_wconf 92' lang='lat' dir='ltr'><strong>ego</strong></span> <span class='ocrx_word' id='word_1_108' title='bbox 790 1926 825 1986; x_wconf 91' lang='lat' dir='ltr'><strong>te</strong></span> <span class='ocrx_word' id='word_1_109' title='bbox 848 1919 902 1984; x_wconf 92' lang='lat' dir='ltr'><strong>hio</strong></span> <span class='ocrx_word' id='word_1_110' title='bbox 925 1919 1042 1986; x_wconf 88' lang='lat' dir='ltr'><strong>itidem</strong></span> <span class='ocrx_word' id='word_1_111' title='bbox 1066 1926 1161 2005; x_wconf 90' lang='lat' dir='ltr'><strong>quasi</strong></span> <span class='ocrx_word' id='word_1_112' title='bbox 1183 1921 1273 2007; x_wconf 89' lang='lat' dir='ltr'><strong>peni·</strong></span> 
     </span>
     <span class='ocr_line' id='line_1_16' title="bbox 100 2025 1273 2115; baseline -0.001 -23"><span class='ocrx_word' id='word_1_113' title='bbox 100 2028 196 2093; x_wconf 93' lang='lat' dir='ltr'><strong>culus</strong></span> <span class='ocrx_word' id='word_1_114' title='bbox 221 2049 322 2092; x_wconf 86' lang='lat' dir='ltr'><strong>noros</strong></span> <span class='ocrx_word' id='word_1_115' title='bbox 346 2028 497 2112; x_wconf 80' lang='lat' dir='ltr'><strong>exurgeri</strong></span> <span class='ocrx_word' id='word_1_116' title='bbox 521 2026 615 2091; x_wconf 87' lang='lat' dir='ltr'><strong>solet.</strong></span> <span class='ocrx_word' id='word_1_117' title='bbox 644 2026 688 2090; x_wconf 89' lang='lat' dir='ltr'><strong>Ni</strong></span> <span class='ocrx_word' id='word_1_118' title='bbox 711 2025 797 2092; x_wconf 89' lang='lat' dir='ltr'><strong>hunc</strong></span> <span class='ocrx_word' id='word_1_119' title='bbox 820 2028 957 2105; x_wconf 89' lang='lat' dir='ltr'><strong>amittis,</strong></span> <span class='ocrx_word' id='word_1_120' title='bbox 982 2027 1158 2115; x_wconf 85' lang='lat' dir='ltr'><strong>exurgebo,</strong></span> <span class='ocrx_word' id='word_1_121' title='bbox 1182 2025 1273 2111; x_wconf 90' lang='lat' dir='ltr'><strong>quid·</strong></span> 
     </span>
     <span class='ocr_line' id='line_1_17' title="bbox 97 2132 1273 2219; baseline -0.002 -20"><span class='ocrx_word' id='word_1_122' title='bbox 97 2132 179 2219; x_wconf 91' lang='lat' dir='ltr'><strong>quid</strong></span> <span class='ocrx_word' id='word_1_123' title='bbox 202 2136 322 2198; x_wconf 88' lang='lat' dir='ltr'><strong>umoris</strong></span> <span class='ocrx_word' id='word_1_124' title='bbox 354 2134 460 2214; x_wconf 90' lang='lat' dir='ltr'><strong>tibist,</strong></span> <span class='ocrx_word' id='word_1_125' title='bbox 496 2154 560 2217; x_wconf 90' lang='lat' dir='ltr'><strong>quo</strong></span> <span class='ocrx_word' id='word_1_126' title='bbox 592 2132 665 2198; x_wconf 91' lang='lat' dir='ltr'><strong>loco</strong></span> <span class='ocrx_word' id='word_1_127' title='bbox 691 2133 832 2198; x_wconf 85' lang='lat' dir='ltr'><strong>Guietus</strong></span> <span class='ocrx_word' id='word_1_128' title='bbox 864 2140 898 2197; x_wconf 89' lang='lat' dir='ltr'><strong>et</strong></span> <span class='ocrx_word' id='word_1_129' title='bbox 921 2134 1054 2198; x_wconf 79' lang='lat' dir='ltr'><strong>Reiaius</strong></span> <span class='ocrx_word' id='word_1_130' title='bbox 1087 2133 1273 2219; x_wconf 81' lang='lat' dir='ltr'><strong>peniculum</strong></span> 
     </span>
     <span class='ocr_line' id='line_1_18' title="bbox 98 2236 1270 2327; baseline 0.001 -22"><span class='ocrx_word' id='word_1_131' title='bbox 98 2241 245 2305; x_wconf 79' lang='lat' dir='ltr'><strong>scribunt</strong></span> <span class='ocrx_word' id='word_1_132' title='bbox 270 2262 326 2327; x_wconf 91' lang='lat' dir='ltr'><strong>pro</strong></span> <span class='ocrx_word' id='word_1_133' title='bbox 351 2238 543 2325; x_wconf 78' lang='lat' dir='ltr'><strong>penicillum</strong></span> <span class='ocrx_word' id='word_1_134' title='bbox 567 2236 654 2325; x_wconf 91' lang='lat' dir='ltr'><strong>quod</strong></span> <span class='ocrx_word' id='word_1_135' title='bbox 678 2238 838 2324; x_wconf 81' lang='lat' dir='ltr'><strong>praebent</strong></span> <span class='ocrx_word' id='word_1_136' title='bbox 860 2237 946 2305; x_wconf 89' lang='lat' dir='ltr'><strong>libri.</strong></span> <span class='ocrx_word' id='word_1_137' title='bbox 988 2238 1064 2309; x_wconf 79' lang='lat' dir='ltr'><strong>Ter.</strong></span> <span class='ocrx_word' id='word_1_138' title='bbox 1087 2238 1171 2303; x_wconf 80' lang='lat' dir='ltr'><strong>Eun.</strong></span> <span class='ocrx_word' id='word_1_139' title='bbox 1192 2238 1270 2306; x_wconf 76' lang='lat'><strong>777:</strong></span> 
     </span>
     <span class='ocr_line' id='line_1_19' title="bbox 99 2343 1272 2432; baseline 0 -22"><span class='ocrx_word' id='word_1_140' title='bbox 99 2345 188 2422; x_wconf 81' lang='lat' dir='ltr'><strong>Quid</strong></span> <span class='ocrx_word' id='word_1_141' title='bbox 214 2345 358 2432; x_wconf 80' lang='lat' dir='ltr'><strong>ignare?</strong></span> <span class='ocrx_word' id='word_1_142' title='bbox 382 2344 576 2430; x_wconf 90' lang='lat' dir='ltr'><strong>peniculone</strong></span> <span class='ocrx_word' id='word_1_143' title='bbox 599 2364 757 2429; x_wconf 87' lang='lat' dir='ltr'><strong>pugnare,</strong></span> <span class='ocrx_word' id='word_1_144' title='bbox 782 2346 839 2429; x_wconf 88' lang='lat' dir='ltr'><strong>qui</strong></span> <span class='ocrx_word' id='word_1_145' title='bbox 862 2346 965 2409; x_wconf 89' lang='lat' dir='ltr'><strong>istum</strong></span> <span class='ocrx_word' id='word_1_146' title='bbox 987 2343 1051 2410; x_wconf 94' lang='lat' dir='ltr'><strong>huc</strong></span> <span class='ocrx_word' id='word_1_147' title='bbox 1073 2352 1194 2430; x_wconf 87' lang='lat' dir='ltr'><strong>portes,</strong></span> <span class='ocrx_word' id='word_1_148' title='bbox 1217 2364 1272 2410; x_wconf 90' lang='lat' dir='ltr'><strong>cc·</strong></span> 
     </span>
     <span class='ocr_line' id='line_1_20' title="bbox 96 2450 1272 2537; baseline 0.003 -23"><span class='ocrx_word' id='word_1_149' title='bbox 96 2450 214 2537; x_wconf 86' lang='lat' dir='ltr'><strong>gitas?</strong></span> <span class='ocrx_word' id='word_1_150' title='bbox 239 2464 274 2515; x_wconf 86' lang='lat' dir='ltr'><strong>et</strong></span> <span class='ocrx_word' id='word_1_151' title='bbox 296 2453 406 2515; x_wconf 88' lang='lat' dir='ltr'><strong>iocose</strong></span> <span class='ocrx_word' id='word_1_152' title='bbox 430 2452 579 2536; x_wconf 85' lang='lat' dir='ltr'><strong>parasito</strong></span> <span class='ocrx_word' id='word_1_153' title='bbox 603 2453 638 2515; x_wconf 90' lang='lat' dir='ltr'><strong>in</strong></span> <span class='ocrx_word' id='word_1_154' title='bbox 655 2450 880 2517; x_wconf 84' lang='lat' dir='ltr'><strong>Menaechmis</strong></span> <span class='ocrx_word' id='word_1_155' title='bbox 903 2457 1025 2537; x_wconf 83' lang='lat' dir='ltr'><strong>agente</strong></span> <span class='ocrx_word' id='word_1_156' title='bbox 1042 2472 1159 2516; x_wconf 89' lang='lat' dir='ltr'><strong>nomen</strong></span> <span class='ocrx_word' id='word_1_157' title='bbox 1178 2452 1272 2517; x_wconf 92' lang='lat' dir='ltr'><strong>Peni-</strong></span> 
     </span>
     <span class='ocr_line' id='line_1_21' title="bbox 99 2556 492 2623; baseline -0.008 0"><span class='ocrx_word' id='word_1_158' title='bbox 99 2557 176 2623; x_wconf 90' lang='lat' dir='ltr'><strong>culo</strong></span> <span class='ocrx_word' id='word_1_159' title='bbox 201 2556 320 2622; x_wconf 88' lang='lat' dir='ltr'><strong>tribuit</strong></span> <span class='ocrx_word' id='word_1_160' title='bbox 343 2557 492 2623; x_wconf 79' lang='lat' dir='ltr'><strong>Plautus.</strong></span> 
     </span>
    </p>

    <p class='ocr_par' dir='ltr' id='par_1_5' title="bbox 96 2664 1272 2858">
     <span class='ocr_line' id='line_1_22' title="bbox 186 2664 1272 2752; baseline -0.001 -21"><span class='ocrx_word' id='word_1_161' title='bbox 186 2667 357 2750; x_wconf 74' lang='lat' dir='ltr'><strong>scaptiam,</strong></span> <span class='ocrx_word' id='word_1_162' title='bbox 381 2664 503 2734; x_wconf 85' lang='lat' dir='ltr'><strong>Bacch.</strong></span> <span class='ocrx_word' id='word_1_163' title='bbox 527 2664 588 2733; x_wconf 78' lang='lat'><strong>70:</strong></span> <span class='ocrx_word' id='word_1_164' title='bbox 618 2664 678 2729; x_wconf 88' lang='lat' dir='ltr'><strong>Pro</strong></span> <span class='ocrx_word' id='word_1_165' title='bbox 695 2665 793 2751; x_wconf 83' lang='lat' dir='ltr'><strong>galee</strong></span> <span class='ocrx_word' id='word_1_166' title='bbox 809 2664 988 2752; x_wconf 90' lang='lat' dir='ltr'><strong>scaphium,</strong></span> <span class='ocrx_word' id='word_1_167' title='bbox 1013 2688 1070 2752; x_wconf 88' lang='lat' dir='ltr'><strong>pro</strong></span> <span class='ocrx_word' id='word_1_168' title='bbox 1086 2667 1212 2751; x_wconf 88' lang='lat' dir='ltr'><strong>insigni</strong></span> <span class='ocrx_word' id='word_1_169' title='bbox 1226 2668 1272 2731; x_wconf 90' lang='lat' dir='ltr'><strong>sit</strong></span> 
     </span>
     <span class='ocr_line' id='line_1_23' title="bbox 96 2769 1270 2858; baseline 0 -23"><span class='ocrx_word' id='word_1_170' title='bbox 96 2769 223 2835; x_wconf 85' lang='lat' dir='ltr'><strong>corolla</strong></span> <span class='ocrx_word' id='word_1_171' title='bbox 248 2769 404 2856; x_wconf 81' lang='lat' dir='ltr'><strong>plectilis.</strong></span> <span class='ocrx_word' id='word_1_172' title='bbox 450 2771 542 2841; x_wconf 85' lang='lat' dir='ltr'><strong>Pers.</strong></span> <span class='ocrx_word' id='word_1_173' title='bbox 562 2771 642 2841; x_wconf 74' lang='lat'>124:</span> <span class='ocrx_word' id='word_1_174' title='bbox 667 2770 869 2858; x_wconf 86' lang='lat' dir='ltr'><strong>Ampullam,</strong></span> <span class='ocrx_word' id='word_1_175' title='bbox 892 2772 1063 2858; x_wconf 86' lang='lat' dir='ltr'><strong>strigilem,</strong></span> <span class='ocrx_word' id='word_1_176' title='bbox 1086 2771 1270 2857; x_wconf 79' lang='lat' dir='ltr'><strong>scaphium.</strong></span> 
     </span>
    </p>
   </div>
   <div class='ocr_carea' id='block_1_3' title="bbox 19 2870 802 2943">
    <p class='ocr_par' dir='ltr' id='par_1_6' title="bbox 19 2870 802 2943">
     <span class='ocr_line' id='line_1_24' title="bbox 19 2870 802 2943; baseline 0.005 -4"><span class='ocrx_word' id='word_1_177' title='bbox 19 2870 20 2875; x_wconf 62' lang='grc'>’</span> <span class='ocrx_word' id='word_1_178' title='bbox 98 2876 323 2942; x_wconf 86' lang='lat' dir='ltr'><strong>Formationis</strong></span> <span class='ocrx_word' id='word_1_179' title='bbox 347 2876 496 2941; x_wconf 75' lang='lat' dir='ltr'><strong>Graecae</strong></span> <span class='ocrx_word' id='word_1_180' title='bbox 518 2875 715 2942; x_wconf 80' lang='lat' dir='ltr'><strong>vocobulum</strong></span> <span class='ocrx_word' id='word_1_181' title='bbox 740 2884 802 2943; x_wconf 91' lang='lat' dir='ltr'><strong>est.</strong></span> 
     </span>
    </p>
   </div>
   <div class='ocr_carea' id='block_1_4' title="bbox 96 2979 1274 4341">
    <p class='ocr_par' dir='ltr' id='par_1_7' title="bbox 97 2979 1273 3171">
     <span class='ocr_line' id='line_1_25' title="bbox 186 2979 1272 3068; baseline -0.002 -21"><span class='ocrx_word' id='word_1_182' title='bbox 186 2984 368 3063; x_wconf 78' lang='lat' dir='ltr'><strong>securicula,</strong></span> <span class='ocrx_word' id='word_1_183' title='bbox 376 2979 551 3049; x_wconf 66' lang='lat' dir='ltr'><strong>Rutulos</strong></span> <span class='ocrx_word' id='word_1_184' title='bbox 559 3002 606 3066; x_wconf 89' lang='lat' dir='ltr'><strong>sq:</strong></span> <span class='ocrx_word' id='word_1_185' title='bbox 619 2981 700 3045; x_wconf 87' lang='lat' dir='ltr'><strong>Post</strong></span> <span class='ocrx_word' id='word_1_186' title='bbox 710 2980 924 3046; x_wconf 87' lang='lat' dir='ltr'><strong>altrinsecust</strong></span> <span class='ocrx_word' id='word_1_187' title='bbox 933 2980 1272 3068; x_wconf 82' lang='lat' dir='ltr'><strong>securiculaaocipes3</strong></span> 
     </span>
     <span class='ocr_line' id='line_1_26' title="bbox 97 3084 1273 3171; baseline 0.005 -23"><span class='ocrx_word' id='word_1_188' title='bbox 97 3084 179 3156; x_wconf 83' lang='lat' dir='ltr'><strong>ibid.</strong></span> <span class='ocrx_word' id='word_1_189' title='bbox 197 3087 301 3153; x_wconf 82' lang='lat'>1163:</span> <span class='ocrx_word' id='word_1_190' title='bbox 323 3086 475 3170; x_wconf 87' lang='lat' dir='ltr'><strong>Loquere</strong></span> <span class='ocrx_word' id='word_1_191' title='bbox 500 3088 615 3151; x_wconf 88' lang='lat' dir='ltr'><strong>matris</strong></span> <span class='ocrx_word' id='word_1_192' title='bbox 639 3107 757 3151; x_wconf 90' lang='lat' dir='ltr'><strong>nomen</strong></span> <span class='ocrx_word' id='word_1_193' title='bbox 780 3086 836 3151; x_wconf 91' lang='lat' dir='ltr'><strong>hic</strong></span> <span class='ocrx_word' id='word_1_194' title='bbox 856 3086 935 3171; x_wconf 90' lang='lat' dir='ltr'><strong>quid</strong></span> <span class='ocrx_word' id='word_1_195' title='bbox 951 3090 984 3151; x_wconf 90' lang='lat' dir='ltr'><strong>in</strong></span> <span class='ocrx_word' id='word_1_196' title='bbox 1000 3088 1182 3152; x_wconf 87' lang='lat' dir='ltr'><strong>securicula</strong></span> <span class='ocrx_word' id='word_1_197' title='bbox 1197 3090 1273 3157; x_wconf 77' lang='lat' dir='ltr'><strong>siet,</strong></span> 
     </span>
    </p>

    <p class='ocr_par' dir='ltr' id='par_1_8' title="bbox 96 3191 1273 3601">
     <span class='ocr_line' id='line_1_27' title="bbox 174 3191 1272 3281; baseline 0 -21"><span class='ocrx_word' id='word_1_198' title='bbox 174 3196 336 3280; x_wconf 78' lang='lat' dir='ltr'><strong>¹sportolo,</strong></span> <span class='ocrx_word' id='word_1_199' title='bbox 360 3191 455 3264; x_wconf 78' lang='lat' dir='ltr'><strong>(lura.</strong></span> <span class='ocrx_word' id='word_1_200' title='bbox 471 3192 557 3261; x_wconf 85' lang='lat'>289:</span> <span class='ocrx_word' id='word_1_201' title='bbox 575 3193 660 3258; x_wconf 78' lang='lat' dir='ltr'><strong>Tum</strong></span> <span class='ocrx_word' id='word_1_202' title='bbox 676 3195 734 3258; x_wconf 90' lang='lat' dir='ltr'><strong>isti</strong></span> <span class='ocrx_word' id='word_1_203' title='bbox 751 3193 871 3259; x_wconf 81' lang='lat' dir='ltr'><strong>Graeci</strong></span> <span class='ocrx_word' id='word_1_204' title='bbox 887 3193 1018 3280; x_wconf 88' lang='lat' dir='ltr'><strong>palliati</strong></span> <span class='ocrx_word' id='word_1_205' title='bbox 1035 3197 1142 3281; x_wconf 90' lang='lat' dir='ltr'><strong>capite</strong></span> <span class='ocrx_word' id='word_1_206' title='bbox 1158 3200 1272 3281; x_wconf 90' lang='lat' dir='ltr'><strong>operto</strong></span> 
     </span>
     <span class='ocr_line' id='line_1_28' title="bbox 96 3298 1273 3388; baseline 0.001 -25"><span class='ocrx_word' id='word_1_207' title='bbox 96 3300 155 3383; x_wconf 90' lang='lat' dir='ltr'><strong>qui</strong></span> <span class='ocrx_word' id='word_1_208' title='bbox 177 3298 359 3383; x_wconf 87' lang='lat' dir='ltr'><strong>ambulant,</strong></span> <span class='ocrx_word' id='word_1_209' title='bbox 386 3299 452 3373; x_wconf 76' lang='lat' dir='ltr'><strong>Qui</strong></span> <span class='ocrx_word' id='word_1_210' title='bbox 474 3298 630 3365; x_wconf 85' lang='lat' dir='ltr'><strong>incedunt</strong></span> <span class='ocrx_word' id='word_1_211' title='bbox 654 3298 858 3366; x_wconf 87' lang='lat' dir='ltr'><strong>suffarcinati</strong></span> <span class='ocrx_word' id='word_1_212' title='bbox 874 3322 947 3365; x_wconf 91' lang='lat' dir='ltr'><strong>cum</strong></span> <span class='ocrx_word' id='word_1_213' title='bbox 964 3300 1068 3383; x_wconf 89' lang='lat' dir='ltr'><strong>libris,</strong></span> <span class='ocrx_word' id='word_1_214' title='bbox 1090 3322 1166 3367; x_wconf 90' lang='lat' dir='ltr'><strong>cum</strong></span> <span class='ocrx_word' id='word_1_215' title='bbox 1182 3323 1273 3388; x_wconf 92' lang='lat' dir='ltr'><strong>spor·</strong></span> 
     </span>
     <span class='ocr_line' id='line_1_29' title="bbox 97 3404 1273 3493; baseline 0.005 -23"><span class='ocrx_word' id='word_1_216' title='bbox 97 3405 188 3475; x_wconf 85' lang='lat' dir='ltr'><strong>tulis.</strong></span> <span class='ocrx_word' id='word_1_217' title='bbox 227 3405 316 3476; x_wconf 84' lang='lat' dir='ltr'><strong>Men.</strong></span> <span class='ocrx_word' id='word_1_218' title='bbox 333 3408 416 3474; x_wconf 74' lang='lat'><strong>2192</strong></span> <span class='ocrx_word' id='word_1_219' title='bbox 440 3404 628 3492; x_wconf 85' lang='lat' dir='ltr'><strong>Sportulam</strong></span> <span class='ocrx_word' id='word_1_220' title='bbox 645 3428 725 3493; x_wconf 90' lang='lat' dir='ltr'><strong>oape</strong></span> <span class='ocrx_word' id='word_1_221' title='bbox 742 3412 843 3493; x_wconf 87' lang='lat' dir='ltr'><strong>atque</strong></span> <span class='ocrx_word' id='word_1_222' title='bbox 860 3413 1043 3492; x_wconf 84' lang='lat' dir='ltr'><strong>argentum.</strong></span> <span class='ocrx_word' id='word_1_223' title='bbox 1067 3407 1170 3477; x_wconf 81' lang='lat' dir='ltr'><strong>Stich.</strong></span> <span class='ocrx_word' id='word_1_224' title='bbox 1186 3408 1273 3476; x_wconf 80' lang='lat'><strong>289:</strong></span> 
     </span>
     <span class='ocr_line' id='line_1_30' title="bbox 97 3510 1148 3601; baseline 0.006 -26"><span class='ocrx_word' id='word_1_225' title='bbox 97 3510 327 3576; x_wconf 88' lang='lat' dir='ltr'><strong>Harundinem</strong></span> <span class='ocrx_word' id='word_1_226' title='bbox 349 3513 415 3577; x_wconf 81' lang='lat' dir='ltr'><strong>fert</strong></span> <span class='ocrx_word' id='word_1_227' title='bbox 438 3512 685 3598; x_wconf 88' lang='lat' dir='ltr'><strong>sportulamque</strong></span> <span class='ocrx_word' id='word_1_228' title='bbox 710 3519 744 3579; x_wconf 89' lang='lat' dir='ltr'><strong>et</strong></span> <span class='ocrx_word' id='word_1_229' title='bbox 766 3514 936 3579; x_wconf 90' lang='lat' dir='ltr'><strong>hamulum</strong></span> <span class='ocrx_word' id='word_1_230' title='bbox 958 3516 1148 3601; x_wconf 86' lang='lat' dir='ltr'><strong>piscarium.</strong></span> 
     </span>
    </p>

    <p class='ocr_par' dir='ltr' id='par_1_9' title="bbox 98 3619 1274 4131">
     <span class='ocr_line' id='line_1_31' title="bbox 187 3619 1273 3705; baseline 0.002 -20"><span class='ocrx_word' id='word_1_231' title='bbox 187 3622 293 3699; x_wconf 58' lang='lat' dir='ltr'><strong>abac,</strong></span> <span class='ocrx_word' id='word_1_232' title='bbox 325 3622 397 3689; x_wconf 81' lang='lat' dir='ltr'><strong>Cas.</strong></span> <span class='ocrx_word' id='word_1_233' title='bbox 422 3619 506 3685; x_wconf 81' lang='lat'><strong>296:</strong></span> <span class='ocrx_word' id='word_1_234' title='bbox 539 3619 632 3686; x_wconf 89' lang='lat' dir='ltr'><strong>Intro</strong></span> <span class='ocrx_word' id='word_1_235' title='bbox 657 3619 713 3685; x_wconf 91' lang='lat' dir='ltr'><strong>abi</strong></span> <span class='ocrx_word' id='word_1_236' title='bbox 737 3625 838 3705; x_wconf 82' lang='lat' dir='ltr'><strong>atque</strong></span> <span class='ocrx_word' id='word_1_237' title='bbox 866 3627 1015 3686; x_wconf 91' lang='lat' dir='ltr'><strong>actutum</strong></span> <span class='ocrx_word' id='word_1_238' title='bbox 1044 3641 1178 3687; x_wconf 86' lang='lat' dir='ltr'><strong>uxorem</strong></span> <span class='ocrx_word' id='word_1_239' title='bbox 1209 3620 1273 3687; x_wconf 90' lang='lat' dir='ltr'><strong>huc</strong></span> 
     </span>
     <span class='ocr_line' id='line_1_32' title="bbox 98 3724 1271 3796; baseline 0.003 -7"><span class='ocrx_word' id='word_1_240' title='bbox 98 3730 236 3790; x_wconf 84' lang='lat' dir='ltr'><strong>evocate</strong></span> <span class='ocrx_word' id='word_1_241' title='bbox 259 3730 337 3791; x_wconf 87' lang='lat' dir='ltr'><strong>ante</strong></span> <span class='ocrx_word' id='word_1_242' title='bbox 360 3725 454 3790; x_wconf 87' lang='lat' dir='ltr'><strong>aedis</strong></span> <span class='ocrx_word' id='word_1_243' title='bbox 479 3725 557 3796; x_wconf 79' lang='lat' dir='ltr'><strong>cito.</strong></span> <span class='ocrx_word' id='word_1_244' title='bbox 604 3725 649 3791; x_wconf 78' lang='lat' dir='ltr'><strong>ut</strong></span> <span class='ocrx_word' id='word_1_245' title='bbox 671 3726 816 3791; x_wconf 87' lang='lat' dir='ltr'><strong>sitellam</strong></span> <span class='ocrx_word' id='word_1_246' title='bbox 839 3725 905 3791; x_wconf 91' lang='lat' dir='ltr'><strong>huc</strong></span> <span class='ocrx_word' id='word_1_247' title='bbox 926 3731 1036 3791; x_wconf 85' lang='lat' dir='ltr'><strong>tecum</strong></span> <span class='ocrx_word' id='word_1_248' title='bbox 1060 3724 1173 3793; x_wconf 82' lang='lat' dir='ltr'><strong>efferto</strong></span> <span class='ocrx_word' id='word_1_249' title='bbox 1196 3748 1271 3793; x_wconf 90' lang='lat' dir='ltr'><strong>cum</strong></span> 
     </span>
     <span class='ocr_line' id='line_1_33' title="bbox 99 3831 1274 3915; baseline 0.003 -22"><span class='ocrx_word' id='word_1_250' title='bbox 99 3851 187 3915; x_wconf 89' lang='lat' dir='ltr'><strong>aqua</strong></span> <span class='ocrx_word' id='word_1_251' title='bbox 222 3835 256 3897; x_wconf 89' lang='lat' dir='ltr'><strong>et</strong></span> <span class='ocrx_word' id='word_1_252' title='bbox 289 3834 403 3915; x_wconf 80' lang='lat' dir='ltr'><strong>sortis3</strong></span> <span class='ocrx_word' id='word_1_253' title='bbox 435 3832 517 3901; x_wconf 80' lang='lat' dir='ltr'><strong>ibid</strong></span> <span class='ocrx_word' id='word_1_254' title='bbox 540 3831 626 3897; x_wconf 81' lang='lat'>342:</span> <span class='ocrx_word' id='word_1_255' title='bbox 661 3831 833 3898; x_wconf 85' lang='lat' dir='ltr'><strong>Ocniciam</strong></span> <span class='ocrx_word' id='word_1_256' title='bbox 864 3834 964 3896; x_wconf 89' lang='lat' dir='ltr'><strong>sortis</strong></span> <span class='ocrx_word' id='word_1_257' title='bbox 996 3835 1031 3896; x_wconf 88' lang='lat' dir='ltr'><strong>in</strong></span> <span class='ocrx_word' id='word_1_258' title='bbox 1064 3832 1208 3899; x_wconf 86' lang='lat' dir='ltr'><strong>sitellam</strong></span> <span class='ocrx_word' id='word_1_259' title='bbox 1239 3840 1274 3897; x_wconf 90' lang='lat' dir='ltr'><strong>et</strong></span> 
     </span>
     <span class='ocr_line' id='line_1_34' title="bbox 98 3936 1274 4024; baseline 0.003 -23"><span class='ocrx_word' id='word_1_260' title='bbox 98 3938 217 4001; x_wconf 86' lang='lat' dir='ltr'><strong>sortiar</strong></span> <span class='ocrx_word' id='word_1_261' title='bbox 241 3937 318 4002; x_wconf 78' lang='lat' dir='ltr'><strong>Tibi</strong></span> <span class='ocrx_word' id='word_1_262' title='bbox 341 3943 376 4003; x_wconf 88' lang='lat' dir='ltr'><strong>et</strong></span> <span class='ocrx_word' id='word_1_263' title='bbox 399 3936 554 4024; x_wconf 78' lang='lat' dir='ltr'><strong>Chalin03</strong></span> <span class='ocrx_word' id='word_1_264' title='bbox 579 3937 659 4009; x_wconf 82' lang='lat' dir='ltr'><strong>ibid.</strong></span> <span class='ocrx_word' id='word_1_265' title='bbox 684 3939 763 4005; x_wconf 82' lang='lat'><strong>396:</strong></span> <span class='ocrx_word' id='word_1_266' title='bbox 788 3938 878 4003; x_wconf 89' lang='lat' dir='ltr'><strong>Deos</strong></span> <span class='ocrx_word' id='word_1_267' title='bbox 903 3958 1037 4023; x_wconf 90' lang='lat' dir='ltr'><strong>quaeso,</strong></span> <span class='ocrx_word' id='word_1_268' title='bbox 1060 3943 1099 4003; x_wconf 93' lang='lat' dir='ltr'><strong>ut</strong></span> <span class='ocrx_word' id='word_1_269' title='bbox 1120 3943 1180 4003; x_wconf 88' lang='lat' dir='ltr'><strong>tua</strong></span> <span class='ocrx_word' id='word_1_270' title='bbox 1202 3960 1274 4004; x_wconf 91' lang='lat' dir='ltr'><strong>sors</strong></span> 
     </span>
     <span class='ocr_line' id='line_1_35' title="bbox 98 4042 462 4131; baseline 0.019 -23"><span class='ocrx_word' id='word_1_271' title='bbox 98 4064 141 4108; x_wconf 83' lang='lat' dir='ltr'><strong>ex</strong></span> <span class='ocrx_word' id='word_1_272' title='bbox 165 4042 278 4108; x_wconf 90' lang='lat' dir='ltr'><strong>sitella</strong></span> <span class='ocrx_word' id='word_1_273' title='bbox 300 4043 462 4131; x_wconf 83' lang='lat' dir='ltr'><strong>effugerit.</strong></span> 
     </span>
    </p>

    <p class='ocr_par' dir='ltr' id='par_1_10' title="bbox 98 4149 1273 4341">
     <span class='ocr_line' id='line_1_36' title="bbox 188 4149 1273 4239; baseline 0 -22"><span class='ocrx_word' id='word_1_274' title='bbox 188 4153 329 4235; x_wconf 68' lang='lat' dir='ltr'><strong>iccillum,</strong></span> <span class='ocrx_word' id='word_1_275' title='bbox 352 4150 438 4220; x_wconf 82' lang='lat' dir='ltr'><strong>Rud.</strong></span> <span class='ocrx_word' id='word_1_276' title='bbox 454 4152 536 4220; x_wconf 78' lang='lat'>576:</span> <span class='ocrx_word' id='word_1_277' title='bbox 560 4150 710 4239; x_wconf 86' lang='lat' dir='ltr'><strong>tegillum</strong></span> <span class='ocrx_word' id='word_1_278' title='bbox 735 4150 874 4217; x_wconf 89' lang='lat' dir='ltr'><strong>eccillud</strong></span> <span class='ocrx_word' id='word_1_279' title='bbox 898 4149 980 4219; x_wconf 89' lang='lat' dir='ltr'><strong>mihi</strong></span> <span class='ocrx_word' id='word_1_280' title='bbox 1001 4172 1103 4217; x_wconf 84' lang='lat' dir='ltr'><strong>uuum</strong></span> <span class='ocrx_word' id='word_1_281' title='bbox 1125 4149 1160 4215; x_wconf 94' lang='lat' dir='ltr'><strong>id</strong></span> <span class='ocrx_word' id='word_1_282' title='bbox 1184 4159 1273 4237; x_wconf 76' lang='lat' dir='ltr'><strong>aret3</strong></span> 
     </span>
     <span class='ocr_line' id='line_1_37' title="bbox 98 4256 404 4341; baseline 0.023 -22"><span class='ocrx_word' id='word_1_283' title='bbox 98 4256 144 4341; x_wconf 88' lang='lat' dir='ltr'><strong>id,</strong></span> <span class='ocrx_word' id='word_1_284' title='bbox 168 4258 198 4321; x_wconf 92' lang='lat' dir='ltr'><strong>si</strong></span> <span class='ocrx_word' id='word_1_285' title='bbox 220 4258 281 4339; x_wconf 82' lang='lat' dir='ltr'><strong>vis,</strong></span> <span class='ocrx_word' id='word_1_286' title='bbox 308 4256 404 4326; x_wconf 86' lang='lat' dir='ltr'><strong>dabo.</strong></span> 
     </span>
    </p>
   </div>
   <div class='ocr_carea' id='block_1_5' title="bbox 0 0 1595 4984">
    <p class='ocr_par' dir='ltr' id='par_1_11' title="bbox 0 0 1595 4984">
     <span class='ocr_line' id='line_1_38' title="bbox 0 0 1595 4984; baseline 0 0"><span class='ocrx_word' id='word_1_287' title='bbox 0 0 1595 4984; x_wconf 95' lang='lat' dir='ltr'><strong> </strong></span> 
     </span>
    </p>
   </div>
  </div>
 </body>
</html>
