3175 4984
816 339 1060 410 «48»,

335 533 450 599 liarem
483 531 617 618 parvolo
650 552 751 617 puero
783 530 883 599 dedit.
931 530 1051 597 Pseud.
1078 532 1160 596 783:
1196 531 1300 609 Eheu,
1336 553 1432 617 quom
1459 533 1506 597 iili

336 640 384 705 rei
417 661 477 724 ego
509 641 608 703 etiam
638 660 723 703 nunc
753 659 825 703 sum
857 638 1021 724 parvolus.
1068 638 1170 704 Poeu.
1199 640 1300 708 1346:
1335 639 1405 704 Eae
1433 650 1509 704 sunt

336 745 514 831 subruptae
546 767 619 809 cum
645 748 771 810 nutrice
796 745 960 830 parvolae.
1009 746 1083 809 Ter.
1109 745 1209 809 Andr.
1235 746 1297 813 35:
1329 745 1400 829 Ego
1424 757 1507 831 post·

335 874 433 937 quam
457 859 490 917 te
515 854 588 931 erni,
621 872 642 915 a
664 850 800 937 parvolo
824 856 863 916 ut
885 874 1013 938 semper
1035 852 1099 916 tibi
1133 850 1232 940 Apud
1261 875 1313 917 me
1347 856 1437 917 iusta
1472 861 1507 917 et

336 959 479 1024 clemens
508 959 609 1023 luerit
633 960 786 1037 servitus,
816 956 900 1027 Scis.
947 958 1030 1021 Eun.
1056 958 1139 1022 524:
1173 958 1245 1023 Nisi
1270 961 1299 1022 si
1331 958 1391 1022 illa
1421 959 1506 1024 forte

336 1086 419 1150 quae
436 1063 512 1129 olim
529 1067 627 1152 periit
640 1063 784 1150 parvola,
802 1064 885 1128 Earn
903 1086 975 1129 sese
992 1062 1135 1129 intendit
1151 1086 1234 1144 esse,
1259 1066 1343 1128 utist
1359 1063 1508 1129 audacia.

423 1172 615 1259 peullarius,
648 1169 729 1235 Gist.
754 1169 801 1249 11,
828 1174 857 1253 1,
879 1169 935 1239 55.
959 1169 1075 1257 (258):
1109 1169 1152 1233 Di
1185 1192 1237 1235 me
1261 1191 1373 1235 omnes
1397 1174 1507 1255 magni

339 1280 523 1363 minutique
548 1284 581 1341 et
604 1275 771 1364 patellarii
795 1276 919 1341 Faxint
944 1298 983 1341 ne
1007 1299 1036 1345 e.
1059 1300 1089 1362 q.
1115 1298 1142 1348 s.

422 1384 563 1472 pauculi,
598 1384 694 1470 Epid.
725 1383 811 1452 460:
854 1383 940 1448 Volo
972 1390 1007 1449 te
1040 1383 1149 1447 verbis
1181 1384 1340 1469 pauculis.
1386 1383 1507 1453 Heaut.

337 1491 422 1559 828:
446 1491 588 1575 loquitor
611 1491 762 1577 paucula.
798 1490 878 1555 Hec.
900 1491 977 1559 143:
1004 1490 1130 1555 Diebus
1154 1513 1233 1556 sane
1257 1490 1407 1575 pauculis
1429 1490 1510 1555 Post

334 1596 526 1683 Pamphilus
551 1619 602 1660 me
626 1597 732 1661 solum
756 1595 884 1662 seducit
907 1597 1006 1661 foras.

420 1704 582 1791 paululas,
607 1701 702 1769 Ourc.
729 1704 812 1773 123:
846 1703 960 1768 Venus
985 1703 1024 1767 de
1048 1702 1147 1789 paulo
1171 1703 1341 1789 paululum
1364 1702 1426 1768 hoc
1447 1703 1512 1768 tihi

337 1808 422 1875 dabo
446 1809 534 1874 haud
558 1810 717 1879 lubenter.
768 1810 886 1876 Bacch.
911 1810 997 1878 865:
1033 1811 1163 1875 Pacisci
1193 1830 1265 1874 cum
1296 1809 1354 1874 illo
1378 1810 1513 1896 paulula

336 1919 479 2002 pecunia
501 1917 612 1982 Potes.
650 1915 724 1980 Ter.
750 1915 890 2002 Adelph.
928 1916 1012 1986 779:
1054 1916 1116 1981 Est
1139 1915 1225 1981 alius
1249 1915 1392 2001 quidam,
1417 1939 1511 2003 para·

337 2024 473 2087 sitaster
496 2022 659 2108 paululus.

420 2129 644 2217 pauperculus,
668 2128 778 2195 Aulul.
807 2130 888 2196 171:
918 2130 1048 2194 Novisti
1071 2129 1156 2193 hunc
1180 2150 1290 2194 senem
1315 2129 1512 2196 Euclionem

339 2258 379 2300 ex
403 2257 561 2322 proxumo
584 2234 846 2322 pauperculum?
895 2234 988 2321 Epid.
1012 2236 1096 2304 540:
1126 2232 1224 2300 Certo
1250 2252 1331 2320 east,
1356 2258 1453 2321 quam
1476 2241 1513 2301 in

336 2342 505 2429 Epidauro
538 2344 668 2407 memini
698 2363 750 2406 me
774 2342 1007 2429 pauperculam
1039 2343 1261 2428 comprimere.
1309 2344 1398 2407 Pers.
1422 2343 1514 2413 345:

338 2447 542 2534 Quamquam
566 2471 620 2513 res
643 2456 777 2513 nostrae
801 2456 888 2529 sunt,
912 2456 1013 2534 pater,
1039 2448 1266 2536 pauperculae.
1306 2450 1427 2520 Heaut.
1450 2451 1514 2516 96:

335 2554 398 2620 Est
421 2576 439 2618 e
463 2552 619 2620 Corintho
651 2555 703 2619 hie
727 2554 855 2620 advena
887 2578 969 2619 anus
1001 2556 1213 2642 paupercula.
1260 2556 1399 2644 Adelph.
1423 2556 1512 2624 6472

337 2660 501 2727 Habitant
523 2660 576 2727 hic
600 2660 763 2745 quaedam
787 2662 942 2725 mulieres
966 2664 1195 2747 pauperculae.

420 2769 592 2856 pauxillus,
616 2769 727 2836 Aulul.
749 2771 828 2837 112:
852 2769 938 2834 Nam
955 2771 1023 2834 veri
1040 2770 1145 2833 simile
1169 2792 1232 2834 non
1257 2774 1316 2846 est,
1341 2767 1512 2839 hominem

335 2896 511 2961 pauperem
545 2858 732 2941 Paurillum
765 2878 858 2963 parvi
891 2876 1012 2943 facere.
1071 2881 1162 2963 Capt.
1189 2877 1251 2941 176
1280 2894 1347 2960 sq.:
1381 2873 1515 2938 Facete

336 2981 478 3051 dictum:
513 2982 571 3047 sed
604 2985 635 3047 si
666 2983 810 3069 pauxillo
842 2991 937 3071 potes
961 2982 1144 3049 Contentus
1169 3004 1252 3048 esse.
1285 3020 1329 3031 —
1360 2982 1412 3046 Ne
1436 3001 1516 3066 per-

335 3089 480 3174 pauxillo
505 3088 609 3153 modo.

424 3193 467 3257 ut
486 3194 645 3281 pausillus
667 3217 730 3260 vox
755 3200 866 3259 exstat
888 3197 920 3257 in
945 3194 1046 3261 Stich.
1076 3194 1153 3261 175:
1190 3192 1360 3259 Gelasimo
1385 3213 1514 3259 nomen

335 3302 380 3363 mi
419 3297 540 3363 indidit
574 3322 674 3385 parvo
707 3305 813 3388 pater,
851 3300 939 3374 Quia
969 3302 1035 3361 iam
1070 3321 1091 3363 a
1125 3298 1267 3384 pausillo
1300 3324 1398 3386 puero
1434 3297 1518 3364 ridi-

337 3407 430 3479 culus
452 3406 509 3470 lui.

421 3512 623 3600 pauxillulus,
649 3511 750 3580 Mero.
770 3512 854 3578 193:
878 3509 987 3575 lembo
1012 3510 1188 3576 advehitur
1211 3519 1288 3579 tuos
1314 3520 1408 3600 pater
1430 3534 1519 3597 pau·

335 3618 462 3684 xillulo.
520 3618 639 3686 Pseud.
669 3619 753 3685 706:
792 3618 831 3683 In
863 3617 977 3683 libello
1011 3618 1074 3684 hoc
1108 3622 1282 3706 opsignato
1315 3618 1379 3681 huc
1410 3618 1521 3682 attuli

335 3725 524 3812 pauxillulo.
573 3726 702 3793 Phorm.
726 3725 786 3789 37:
822 3730 893 3791 erat
925 3728 956 3789 ei
989 3723 1030 3790 de
1061 3726 1248 3791 ratiuncula
1281 3724 1352 3787 Iam
1383 3720 1520 3807 pridem

336 3832 421 3920 apud
446 3854 497 3898 me
521 3834 676 3898 relicuom
699 3831 916 3918 pauxillulum
941 3833 1169 3898 Nummorum.

420 3938 617 4026 puellulas,
649 3938 754 4006 Stich.
782 3941 865 4009 163:
897 3940 970 4024 Ego
1004 3961 1068 4004 non
1101 3935 1314 4024 pausillulum
1348 3937 1380 3999 in
1417 3943 1522 4002 utero

335 4051 429 4129 gesto
452 4046 582 4127 famem,
608 4068 719 4112 rerum
743 4047 855 4113 hercle
878 4046 982 4111 multo
998 4065 1187 4111 maxumam
1209 4050 1243 4110 et
1257 4046 1522 4129 gravissumam,

418 4152 565 4238 pusillus,
590 4154 686 4219 Truc.
712 4154 798 4223 868:
831 4152 987 4239 Oogitsto
1010 4173 1085 4218 mus
1109 4151 1248 4239 pusillus
1272 4173 1368 4237 quam
1392 4153 1437 4215 sit
1461 4170 1523 4215 sa-

336 4258 430 4345 piens
453 4257 572 4327 bestia.
