3175 4984
684 381 903 449 -ΚῦἊ-

122 562 131 571 ”
205 573 355 640 elocutus
379 575 498 657 omnia,
523 574 588 639 694
611 573 667 661 (ol.
683 574 771 645 Plat.
797 574 924 639 Phileb.
948 592 980 662 p.
996 574 1040 641 46
1058 596 1085 643 c.
1103 574 1143 640 ro*
1157 574 1197 664 δὴ
1211 569 1383 663 λεγόμενον

204 680 310 768 πικρῷ
332 680 428 763 γλυκύ
449 679 651 767 μεμιγμένον.
699 681 822 770 Sapph.
845 682 907 767 frg.
930 682 993 747 XL
1016 682 1154 769 Bergk⁴
1177 682 1383 770 γλυκύπικρος

166 774 167 779 ¹
196 784 310 874 Ἔρως,
342 786 471 855 Oatull:
507 787 636 854 dea-
660 808 744 873 quae
773 786 903 854 dulcem
932 793 1020 855 curis
1050 790 1169 854 miscet
1198 792 1383 856 amaritiem

207 896 251 982 (c.
276 894 328 975 68,
355 894 422 975 18),
447 891 515 960 (lic.
540 892 583 958 ad
606 893 681 965 An.
704 893 745 975 V,
769 897 822 978 21,
845 894 868 958 4
892 892 1103 982 γλυκύπικρον
1124 894 1239 980 illud);

252 1002 420 1087 pumiceas
444 998 557 1065 oculos
580 999 697 1083 habeo,
722 1023 787 1065 non
811 1020 895 1085 queo
919 1000 1097 1067 lacrumam
1122 1008 1311 1069 exorarent
1327 1024 1382 1068 ex·

204 1112 311 1193 puant
334 1128 434 1171 unam
458 1106 554 1171 modo
578 1130 608 1171 v.
634 1106 676 1173 75
700 1107 756 1192 (cl.
782 1108 874 1177 Pers.
897 1107 951 1191 41,
976 1106 1053 1173 Aul.
1078 1108 1169 1195 397).

251 1214 389 1278 imbrem
419 1216 454 1277 in
484 1213 627 1279 cribrum
656 1215 805 1299 ingerere
832 1236 864 1279 v.
891 1214 965 1296 102,
995 1213 1082 1299 quod
1111 1214 1318 1305 proverbium
1348 1219 1381 1281 in

204 1318 358 1405 Xenoph.
384 1316 504 1389 Oecon
521 1318 600 1402 VlI,
624 1318 669 1384 40
693 1325 822 1385 exstat:
847 1320 880 1389 ἐς
894 1320 1133 1408 τετρυπημένον
1149 1321 1246 1387 πίθον
1261 1320 1385 1388 ἀντλεῖν

205 1426 261 1491 vel
283 1425 401 1513 fragm.
419 1447 501 1496 corn.
519 1447 628 1512 graec.
645 1426 692 1507 H,
716 1448 791 1515 pag.
809 1427 874 1495 235
892 1450 920 1492 v.
937 1428 977 1493 5:
1002 1427 1046 1497 εὶς
1061 1427 1118 1494 τὸν
1134 1428 1231 1493 πίθον
1247 1429 1384 1517 φέρουσι

205 1530 264 1596 τόν
275 1530 481 1619 τετρημένον,
494 1532 576 1617 quod
588 1532 724 1619 praebet
736 1534 874 1599 Plautus
883 1536 918 1597 in
927 1534 1049 1605 Pseud.
1057 1536 1136 1601 369:
1151 1539 1383 1622 inpertussum

206 1643 383 1725 ingerimus
402 1638 490 1704 diota
509 1638 633 1704 dolium
650 1641 705 1724 (cf.
722 1638 820 1705 Lucr.
837 1640 901 1724 ΙΠ,
922 1640 1003 1706 1007
1021 1640 1087 1706 und
1103 1643 1157 1709 99.
1182 1643 1253 1708 Nec
1268 1650 1382 1709 tamen

205 1745 376 1832 explemur
411 1749 491 1810 vitai
523 1745 685 1810 fructibus
718 1767 885 1830 uinquam.
930 1747 1013 1827 Hoc,
1042 1754 1080 1813 ut
1102 1751 1225 1835 opinor,
1261 1749 1381 1833 idest,

205 1873 290 1915 aevo
322 1850 461 1917 florente
492 1851 622 1940 puellas
655 1850 750 1928 Quod
781 1860 964 1918 memorant
985 1854 1119 1919 laticem
1143 1865 1310 1941 pertusum
1334 1858 1381 1920 in-

205 1978 322 2043 gerere
346 1962 378 2021 in
396 1979 468 2037 vas,
493 1957 586 2033 Quod
609 1965 721 2023 tamen
747 1959 870 2045 expleri
895 1960 985 2024 nulla
1009 1965 1136 2026 ratione
1159 1963 1334 2050 potestur.)

297 2065 393 2151 lupos
417 2062 505 2151 apud
528 2086 606 2130 ores
629 2066 776 2149 linquere
801 2090 830 2129 v.
858 2066 921 2131 140
944 2067 999 2154 (cf.
1018 2067 1093 2136 Ter.
1116 2068 1201 2138 Eun.
1225 2069 1316 2155 832.)

296 2172 404 2236 inanis
429 2174 523 2257 quasi
547 2192 643 2236 cassa
666 2195 731 2237 nux
755 2196 783 2236 r.
808 2174 872 2239 371
900 2174 955 2257 (cf.
979 2174 1049 2244 Mil,
1073 2174 1154 2259 glor.
1178 2176 1267 2261 316).

294 2276 401 2343 bonus
434 2280 560 2343 animus
592 2280 625 2341 in
656 2277 744 2344 mala
773 2301 808 2344 re
833 2278 1036 2346 dimidiumst
1067 2266 1146 2346 mali
1180 2304 1213 2347 v.
1236 2282 1303 2349 452
1326 2280 1382 2370 (cf.

204 2382 291 2449 Rud.
316 2384 393 2465 402,
422 2382 518 2471 Oapt.
542 2384 633 2469 202).

298 2489 483 2555 aurichalco
504 2497 617 2556 contra
634 2514 697 2555 non
714 2513 828 2556 earum
844 2492 907 2557 fuit
922 2502 1032 2558 meum
1047 2493 1254 2561 mendacium
1270 2519 1299 2560 v.
1317 2495 1381 2561 688

206 2596 248 2662 cl.
267 2596 385 2663 Aesch.
405 2593 483 2662 Cho.
498 2598 562 2662 372
579 2597 681 2663 ταῦτα
695 2598 777 2685 μὲν.
795 2648 803 2663 .
822 2650 828 2663 .
853 2598 1022 2687 κρείσσονα
1044 2602 1234 2689 χρυσοῦ...
1259 2606 1381 2690 φωνεῖς.

480 2780 712 2858 Metaulorarum
735 2780 809 2844 haer
830 2781 987 2859 specimine
1010 2782 1112 2863 affero.

296 2916 358 2983 sub
382 2916 525 2983 Veneris
549 2940 648 3003 regno
672 2917 849 3005 vapulabo,
873 2942 933 2984 non
959 2920 1019 2984 sub
1044 2920 1138 2985 Joris
1162 2944 1190 2984 v.
1217 2920 1268 2988 15.

297 3021 476 3088 caudioalis
500 3025 668 3110 provincia
690 3047 721 3090 v.
748 3026 821 3092 158.

296 3135 470 3215 argentata
493 3133 697 3214 querimonia
718 3155 748 3196 v.
773 3132 849 3199 312.

257 3285 259 3288 -
296 3234 457 3301 exossabo
482 3236 573 3302 illum
598 3240 692 3321 quasi
717 3260 906 3303 muraenam
931 3259 1052 3323 coquos
1076 3264 1106 3308 v.
1123 3241 1198 3306 382.

296 3364 336 3407 ex
364 3341 426 3407 hoo
456 3343 603 3431 sepulcro
636 3351 748 3411 vetere
781 3344 943 3433 (loquitur
974 3344 1157 3412 Pseudolus
1184 3346 1225 3413 de
1248 3346 1382 3415 Simone

206 3446 300 3533 sene)
325 3447 478 3513 effodiam
502 3437 601 3517 hodie
624 3474 653 3514 v.
678 3451 753 3516 412.

297 3554 493 3639 Priusquam
518 3559 616 3621 istam
639 3579 783 3642 pugnam
800 3558 965 3644 pugnabo,
990 3581 1052 3644 ego
1069 3561 1171 3625 etiam
1187 3562 1278 3647 prius
1294 3558 1381 3627 dabo

206 3660 308 3727 aliam
332 3682 477 3747 pugnarn
502 3663 624 3726 claram
649 3671 681 3726 et
706 3663 1025 3729 commemorabilem
1048 3689 1078 3729 v.
1103 3665 1169 3729 424
1193 3687 1240 3750 sq.

296 3766 382 3831 stilis
405 3767 523 3833 ulmeis
547 3769 751 3835 conscribere
777 3793 805 3833 ν.
830 3770 905 3835 545.

297 3896 354 3939 suo
380 3877 502 3941 viatico
525 3874 680 3941 redduxit
703 3898 754 3941 me
778 3898 881 3962 usque
906 3899 945 3941 ex
970 3899 1079 3943 errore
1102 3879 1136 3943 in
1152 3880 1242 3944 viam
1258 3902 1288 3943 r.
1305 3879 1380 3945 008.

296 4002 382 4047 nunc
401 3982 515 4066 liquet,
539 4004 625 4047 nunc
641 3983 883 4049 defaecaturnst
908 4005 964 4049 cor
980 3985 1072 4067 mihi,
1097 4008 1182 4050 nunc
1198 3987 1381 4071 perviamst
1435 4040 1437 4045 .

207 4084 325 4151 Omnis
355 4087 481 4172 ordine,
514 4088 574 4153 sub
599 4092 702 4175 signis
725 4089 843 4156 ducam
867 4091 1014 4177 legiones
1038 4113 1128 4158 ineas
1151 4091 1216 4156 Avi
1240 4094 1380 4176 sinistra,

206 4194 357 4279 auspicio
390 4192 517 4277 liquido
542 4204 642 4281 atque
667 4219 707 4261 ex
731 4220 805 4263 mea
829 4200 1007 4269 sententia.
1049 4197 1297 4282 confidentiast,
1321 4202 1380 4265 ini·

207 4286 310 4366 inicos
333 4322 425 4365 meos
448 4322 500 4366 me
524 4324 619 4388 posse
643 4302 780 4389 perdere
806 4328 834 4368 r.
860 4306 926 4370 760
949 4326 1017 4390 sqq.
