3175 4984
687 335 906 401 -κὸή-

303 526 468 593 verberea
485 531 599 591 statua
620 548 652 591 v.
678 526 754 593 911.

306 652 464 697 carcerem
488 654 675 721 expugnare
699 658 727 698 v.
756 633 851 698 1172.
972 696 975 700 ,

305 742 490 805 centuriata
515 741 651 805 comitia
674 739 755 804 mihi
779 742 898 826 capitis
922 738 1040 806 habuit
1062 762 1093 805 v.
1121 742 1216 806 1232.

549 876 799 939 denominationes
821 876 936 939 nomino
959 875 1055 939 haece.

239 1036 242 1041 .
304 978 525 1062 Phoenicium,
551 980 707 1065 poeniceo
732 982 821 1045 corio
844 1004 873 1045 v.
899 981 974 1046 229.

303 1086 399 1169 quasi
421 1088 468 1149 mi
490 1108 556 1150 non
581 1093 734 1151 sescenta
756 1091 854 1152 tanta
876 1086 940 1151 soli
963 1088 1093 1152 soleant
1116 1086 1243 1152 caedier
1266 1110 1295 1151 v.
1312 1087 1390 1153 632.

303 1195 337 1256 13
359 1212 395 1256 re
419 1190 560 1256 advorsa
584 1194 710 1257 versari
734 1216 763 1256 v.
790 1193 863 1258 745.

250 1336 395 1401 Accedunt
418 1337 568 1401 verboram
590 1339 672 1401 lusca
695 1339 726 1400 et
747 1339 886 1416 orgerio,
912 1354 1032 1416 quorum
1056 1340 1191 1402 nonnulla
1215 1341 1344 1417 eramala

508 1445 724 1523 elegentissime
748 1444 904 1509 Pseudolus
927 1446 1017 1525 offert
1039 1448 1086 1509 ct:

301 1552 433 1633 tergum
458 1550 623 1634 terginum
646 1572 677 1613 v.
703 1551 777 1614 154.
1047 1551 1050 1557 ’

302 1653 490 1719 Ballionem
515 1655 728 1722 exballietare
751 1678 783 1721 v.
808 1655 916 1724 5853.

302 1760 396 1826 dolue
419 1760 604 1826 Pseudolus
628 1785 677 1826 vv.
705 1762 802 1843 1205,
827 1763 923 1829 1244.

412 1964 415 1971 ,
535 1905 581 1970 Vel
602 1906 719 1969 draucis
741 1907 903 1970 nominihus
925 1906 1000 1971 rodit
1020 1909 1066 1970 ct:

303 2009 384 2085 Quis
407 2011 485 2075 istic
508 2009 588 2075 est?
611 2044 655 2059 -
680 2008 849 2075 Charinus.
873 2048 918 2059 -
942 2011 1045 2095 Euge,
1069 2013 1136 2075 iam
1159 2010 1257 2099 χάριν
1281 2011 1389 2097 τούτῳ

212 2116 295 2181 ποιῶ
320 2116 375 2203 (cf.
401 2116 521 2181 Bacch.
547 2140 577 2180 v.
601 2116 688 2199 362).
909 2189 912 2196 .

301 2223 375 2288 Non
400 2220 561 2288 Charinus
575 2220 596 2303 ¹)
620 2221 701 2287 mihi
723 2222 777 2287 hic
801 2221 933 2308 quidem
956 2221 1013 2287 sed
1038 2220 1174 2309 Oopiast
1196 2245 1228 2288 v.
1255 2224 1328 2292 736.

300 2330 345 2395 Et
355 2328 651 2415 significationibus
662 2330 764 2393 variis
775 2330 872 2420 unius
883 2330 972 2394 vocis
982 2326 1065 2394 ludit
1077 2327 1214 2393 Plautus
1226 2350 1334 2416 saepe,
1345 2351 1386 2394 en

211 2434 314 2501 habes
327 2433 479 2521 exempla
489 2438 615 2499 animus
624 2460 653 2500 v.
665 2436 806 2520 32-36,
821 2434 1021 2521 1333333653
1035 2456 1104 2519 sqq.
1120 2434 1209 2501 salus
1220 2436 1306 2501 1003
1315 2458 1385 2520 sqq.
1499 2492 1500 2496 ,

303 2539 424 2605 Verbis
449 2542 592 2605 externis
616 2540 773 2606 Plautum
796 2563 954 2627 persaepe
977 2563 1072 2605 usum
1094 2542 1210 2622 fuisse,
1244 2564 1261 2606 e
1284 2543 1387 2608 Pseu-

212 2646 287 2714 dolo
305 2685 348 2696 -
364 2653 401 2712 ut
416 2668 513 2711 unam
530 2646 757 2712 tantummodo
776 2646 924 2711 fabulam
941 2646 1072 2711 afferam
1089 2685 1131 2695 -
1148 2647 1243 2713 facile
1256 2647 1384 2712 intelle·

212 2758 311 2841 gitur.
358 2753 413 2819 Ad
443 2776 541 2840 quam
571 2776 639 2819 rem
668 2752 955 2819 demonstrandam
979 2758 1127 2819 conteras
1151 2775 1273 2837 quaeso
1299 2775 1386 2837 sym·

211 2860 306 2927 bolus
323 2859 478 2948 (vel-um)
495 2883 547 2926 vv.
566 2862 620 2945 55,
644 2862 686 2926 57
712 2860 797 2942 31113,
821 2862 914 2947 orgia
930 2884 959 2926 v.
977 2860 1049 2927 676
1073 2861 1116 2947 (31
1140 2860 1272 2945 quidem
1297 2874 1385 2925 recte

210 2967 293 3055 legit
316 2966 562 3033 Studemundus
573 2968 599 3056 1)
633 2967 719 3053 quod
750 2966 947 3033 vocabulum
979 2970 1087 3053 priore
1119 2967 1192 3032 loco
1216 2967 1304 3033 nullo
1329 2989 1384 3032 ex·

211 3080 289 3157 stat,
314 3080 348 3140 et
371 3073 459 3160 apud
477 3072 643 3140 Catullum
661 3078 773 3161 (carm.
791 3073 917 3158 LXIV,
934 3075 998 3139 259
1016 3073 1082 3159 sq.)
1099 3073 1218 3140 deinde
1236 3078 1385 3140 occurrit.

210 3184 353 3269 patrisso
377 3203 409 3246 v.
434 3180 499 3245 442
524 3181 654 3267 (similis
678 3182 885 3245 formationis
909 3180 1010 3245 verba
1033 3189 1109 3247 sunt
1132 3180 1265 3245 badisso
1289 3181 1384 3250 Asin,

211 3289 286 3372 706,
310 3286 484 3352 malacisso
501 3286 621 3352 Bacch.
649 3287 700 3367 73,
726 3286 907 3353 moechisso
925 3285 1000 3356 (las.
1017 3287 1092 3369 976,
1118 3284 1283 3370 cyathisso
1296 3286 1382 3350 Men.

211 3396 287 3475 303,
311 3394 377 3459 305
399 3393 500 3463 Most.
525 3393 604 3477 624)
616 3394 642 3480 ³)
672 3378 831 3458 basilicus
856 3416 886 3459 v.
909 3392 987 3476 458,
1012 3392 1231 3478 sucophantia
1255 3416 1284 3457 v.
1307 3392 1385 3474 527,

209 3486 423 3497 ...-

302 3518 322 3587 ¹)
343 3516 413 3571 unde
432 3517 525 3585 elucet,
552 3534 606 3571 333
630 3515 772 3585 Charinus,
800 3514 845 3570 scd
870 3514 1072 3578 (larinushauc
1090 3532 1181 3570 vocem
1201 3513 1297 3570 dictam
1317 3533 1384 3585 esse,

210 3607 249 3662 ite
268 3613 298 3660 ut
317 3623 333 3661 3
352 3622 437 3675 carus,
456 3606 553 3659 ceritas
573 3606 657 3676 stirpe
676 3605 826 3659 derivatam
848 3604 950 3675 credas,
976 3606 1038 3676 quia
1059 3606 1137 3659 aliter
1156 3604 1299 3659 verborum
1319 3604 1386 3657 lusis

211 3695 347 3750 auditores
367 3694 468 3765 effugit.
899 3701 902 3712 ¹

299 3783 391 3837 Simile
404 3784 553 3854 exemplum
567 3781 712 3837 Bacchides
726 3783 865 3856 praebent,
881 3800 992 3853 quarum
1010 3800 1088 3837 versu
1104 3786 1157 3836 362
1171 3783 1282 3853 legitur:
1299 3779 1385 3835 Credo

210 3874 300 3929 hercle
325 3870 471 3927 adveniens
494 3889 591 3926 nomeu
615 3872 730 3926 mutabit
753 3872 820 3925 mihi
838 3872 983 3942 Facietque
1007 3871 1139 3942 extemplo
1158 3870 1323 3925 Crucisalum
1342 3888 1385 3923 me

211 3979 242 4016 ex
261 3960 403 4032 Chrysalo.

299 4048 322 4118 2)
342 4049 374 4102 cf.
396 4045 604 4101 Studemuudum
622 4048 651 4100 iu
669 4047 752 4102 Herm
770 4048 844 4102 volI
863 4049 957 4118 (1866)
975 4066 1001 4119 p.
1021 4049 1081 4105 297.

298 4137 322 4205 ⁸)
332 4136 511 4191 Mostellariae
524 4152 616 4189 versus
628 4136 750 4190 Lorenzii
764 4135 907 4191 editionem
921 4137 1021 4206 (Berol.
1033 4137 1114 4205 1876)
1125 4144 1228 4191 secutus
1239 4139 1384 4195 numeravi.

299 4224 330 4279 de
348 4226 461 4297 patrisso
488 4241 536 4297 pro
559 4226 659 4296 petrico
683 4226 739 4298 agit
762 4226 846 4284 Prisc.
870 4226 938 4283 lust.
961 4226 984 4294 1,
1007 4227 1032 4294 6,
1056 4228 1090 4283 31
1114 4226 1244 4297 (Gramm.
1263 4227 1323 4283 Lat.
1343 4224 1383 4284 cd.

209 4317 270 4372 Keil
288 4314 339 4384 II).
376 4314 471 4368 Pollux
494 4331 542 4386 pro
560 4316 690 4386 patrizare
707 4306 890 4392 πατριάζειν
912 4314 976 4369 dicit
995 4316 1090 4374 Onom.
1107 4316 1160 4384 ΙΙΙ,
1182 4317 1223 4373 10.
