3175 4984
768 312 1008 382 *26*

303 502 387 569 797:
419 502 515 576 Quod
544 502 604 569 illa
634 510 745 569 autem
775 503 910 568 simulet
940 502 1028 591 (scil.
1051 504 1259 572 Philaenium
1289 512 1476 596 meretrix),

302 610 396 691 quasi
419 608 562 694 gravedo
585 608 737 696 profluat,
772 610 846 675 Hoc
869 631 910 674 ne
934 612 982 674 sic
1012 612 1131 679 faciat:
1165 617 1203 676 tu
1219 612 1389 688 ,labellum
1420 617 1475 681 ab·

302 723 450 799 etergeas
475 715 593 779 Potius
616 736 716 799 quam
740 718 918 802 quoiquam
947 719 1073 781 savium
1105 718 1209 785 faciat
1239 720 1359 806 palam.
1403 723 1475 787 Mil.

303 821 408 885 1335:
433 820 526 885 labra
548 822 591 887 ab
614 821 746 887 labellis
776 821 878 907 aufer,
910 829 1031 887 nauta:
1064 845 1143 889 cave
1175 826 1307 894 malum.
1354 828 1475 894 Pseud.

300 928 380 994 67³:
417 930 540 993 teneris
562 927 692 992 labellis
716 928 832 994 molles
856 928 1096 994 morsiunculae
1128 934 1205 1018 (quo
1237 932 1309 999 loco
1333 933 1473 999 Phoeni·

301 1038 387 1101 cium
410 1034 584 1098 blandiens
608 1036 719 1099 omnia
742 1035 812 1099 fere
835 1033 998 1100 vocabula
1020 1038 1149 1118 minuit,
1180 1040 1301 1123 quibus
1328 1061 1473 1113 amorem

300 1138 447 1205 Calidori
479 1143 642 1227 exprimat
674 1146 773 1225 atque
805 1140 921 1206 itidem
954 1142 1130 1230 accendat)
1162 1144 1244 1209 ibid.
1279 1146 1385 1211 1259:
1416 1148 1473 1212 ubi

301 1269 416 1313 amans
440 1247 643 1334 complexust
666 1252 841 1331 amantem,
873 1248 930 1313 ubi
960 1249 1055 1315 labra
1088 1249 1129 1315 ad
1163 1251 1287 1317 labella
1311 1252 1472 1340 adiungit.

300 1353 347 1441 (ol
367 1354 488 1419 Bacch.
512 1352 602 1439 480).
650 1355 829 1420 Translate
852 1356 934 1419 hacc
957 1378 1020 1421 vox
1055 1356 1096 1421 de
1129 1358 1322 1423 mulieribus
1352 1360 1473 1425 dicitur

299 1462 349 1525 ita
372 1463 406 1525 in
431 1460 534 1531 Poen.
558 1461 623 1527 366
647 1461 785 1547 Milphio
809 1482 924 1525 servus
948 1460 1048 1527 dicit:
1081 1464 1176 1528 Meus
1199 1463 1334 1543 ocellus,
1365 1487 1474 1531 meum

298 1566 510 1637 labellume.
534 1589 564 1652 q.
590 1589 615 1632 s.
648 1574 681 1632 et
712 1574 885 1655 postquam
910 1568 1147 1653 Agorastocles
1178 1572 1298 1634 amoris
1329 1572 1476 1635 stimulis

299 1676 447 1761 agitatus
472 1694 546 1737 eum
568 1672 631 1739 hoc
655 1673 766 1739 dicere
790 1676 906 1754 vetuit,
931 1674 1037 1739 facete
1066 1674 1214 1760 appellat
1236 1674 1473 1762 Adelphasium

298 1779 350 1865 (ut
385 1779 544 1844 docuerat
577 1800 666 1848 erus:
699 1779 798 1844 huius
830 1780 906 1861 mel,
940 1780 1039 1844 huius
1070 1802 1134 1862 cor,
1169 1782 1267 1847 huius
1301 1783 1476 1870 labellum)

298 1887 491 1953 383-388:
525 1884 672 1973 Opsecro
701 1885 812 1951 hercle
844 1894 877 1951 te
911 1887 1064 1973 voluptas
1093 1888 1191 1979 huius
1227 1896 1328 1972 atque
1363 1889 1474 1954 odium

298 1992 591 2060 meum....mel
614 1994 720 2075 huius,
742 1993 788 2058 fel
810 2015 919 2058 meum
945 2016 973 2059 e.
998 2016 1029 2078 q.
1050 2016 1077 2058 s.

387 2103 572 2167 lccmmclu:
596 2100 668 2163 uer.
694 2099 778 2167 Eun.
803 2100 862 2169 67:
886 2100 981 2165 Haec
1004 2100 1107 2165 verba
1129 2100 1189 2164 illa
1213 2090 1278 2163 una
1295 2100 1474 2166 mehercle

298 2206 383 2271 falsa
416 2206 588 2271 lacrimula
622 2204 729 2282 Quam
762 2208 873 2272 oculos
901 2206 1037 2271 terendo
1062 2209 1180 2272 misere
1202 2208 1260 2271 vix
1282 2208 1319 2272 vi
1343 2228 1473 2293 expres·

171 2322 173 2325 '
298 2315 379 2377 serit
402 2313 613 2398 Restinguet.
659 2312 727 2379 oio.
759 2337 817 2401 pro
848 2315 963 2379 Plane.
996 2318 1015 2395 ἓ
1046 2315 1104 2381 76ε
1134 2312 1192 2379 Sic
1224 2316 1310 2377 enim
1342 2311 1473 2381 dixisti:

298 2418 377 2482 Vidi
393 2440 454 2505 ego
470 2425 562 2483 tuam
579 2419 806 2484 lacrumulam.
825 2419 923 2503 Vide,
940 2442 1038 2503 quam
1053 2442 1104 2484 mc
1118 2420 1210 2485 verbi
1226 2423 1276 2485 tui
1291 2423 1470 2508 paeniteat.

296 2524 371 2589 Neu
395 2524 490 2587 medo
514 2522 741 2605 lacrumulam,
765 2523 825 2587 sed
849 2525 970 2587 multas
992 2524 1155 2588 lacrumas
1186 2532 1221 2589 et
1250 2526 1366 2589 fletum
1399 2548 1473 2592 cum

297 2629 445 2717 singultu
468 2628 579 2693 videre
602 2632 752 2716 potuisti.
777 2666 819 2676 -
845 2629 911 2704 Qui
934 2629 1024 2693 locus
1049 2630 1249 2694 Terentiano
1284 2631 1473 2694 simillimus

298 2744 350 2801 est
374 2759 425 2819 co,
450 2735 537 2821 quod
561 2743 595 2801 et
618 2735 670 2802 hic
695 2742 730 2801 et
753 2736 823 2800 illic
845 2735 1017 2801 lacrimula
1045 2756 1110 2799 vox
1138 2758 1203 2799 uon
1234 2736 1339 2800 solum
1372 2758 1473 2801 unam

298 2866 433 2931 parvam
456 2846 627 2910 lacrimam
652 2842 829 2929 significat,
853 2842 911 2909 sed
936 2864 1001 2927 qua
1026 2845 1125 2907 etiam
1144 2844 1253 2907 irrisio
1271 2844 1471 2929 exprimitur.

296 2950 340 3015 Et
364 2950 512 3016 Catullus
536 2950 622 3016 hunc
646 2951 741 3015 verbi
764 2972 859 3015 usum
883 2950 1016 3016 exhibet
1039 2972 1065 3015 c.
1095 2950 1149 3033 66,
1183 2950 1224 3015 15
1257 2971 1335 3035 sqq:
1367 2950 1472 3015 Estne

296 3060 390 3121 novis
414 3060 526 3143 nuptis
551 3056 625 3121 odio
650 3056 792 3121 Venus?
819 3079 904 3121 anne
933 3064 1105 3143 parentum
1131 3057 1347 3121 Frustrantur
1378 3056 1472 3119 falsis

295 3162 419 3247 gaudia
442 3162 625 3227 lacrimulis
642 3162 793 3228 Ubertirn
817 3162 955 3228 thalami
972 3184 1053 3245 quas
1070 3166 1158 3226 intra
1173 3162 1289 3225 limina
1304 3160 1471 3224 fundunt?

297 3291 360 3353 quo
384 3267 455 3333 loco
482 3291 542 3333 vox
566 3267 817 3352 ὑποκοριστικῶς
838 3268 1065 3333 tantummodo
1088 3270 1199 3353 posita
1224 3279 1283 3333 est.

385 3380 480 3461 liquis
510 3398 570 3463 pro
602 3376 728 3460 lingula
752 3374 807 3463 (cl.
834 3376 935 3439 Prisc.
960 3375 1074 3438 Instit.
1108 3374 1178 3456 III,
1208 3375 1252 3439 42
1276 3373 1334 3458 Η.)
1367 3376 1470 3440 Poeu.

298 3483 402 3547 1014:
427 3481 565 3566 Ligulas
589 3482 713 3545 canalis
738 3484 785 3546 ait
809 3502 844 3544 se
869 3479 1043 3544 advexisse
1062 3486 1096 3545 et
1112 3483 1243 3564 nuceis3
1267 3481 1347 3546 ibid.
1367 3482 1470 3549 1309:

296 3588 419 3673 Ligula
441 3591 453 3651 i
476 3592 510 3652 in
535 3588 656 3653 malam
681 3610 812 3676 crucem
836 3587 907 3674 (ubi
930 3586 1093 3652 translate
1118 3588 1262 3673 positum
1293 3602 1345 3653 est
1377 3610 1470 3651 voce·

296 3695 437 3772 bulum).

296 3984 322 4030 et
341 3976 439 4030 labella
458 3976 648 4031 vocabulorum
668 3976 822 4044 observans,
843 3977 928 4029 locum
947 3976 1022 4029 illum
1035 3976 1132 4033 Bacch.
1144 3977 1198 4030 430
1216 3977 1253 4029 sic
1265 3978 1395 4036 restituit:
1413 3978 1470 4031 hla-

296 4083 345 4119 nus
370 4067 439 4119 feret
465 4064 498 4119 ud
522 4066 634 4137 papillas
654 4084 670 4118 a
689 4065 793 4119 labellis
822 4065 897 4119 labra
917 4083 1046 4135 nusquam
1065 4065 1190 4119 auferet?
1228 4066 1303 4121 Unus
1322 4067 1399 4123 Asin.
1418 4068 1470 4120 668

295 4155 367 4208 locus
396 4172 411 4208 a
437 4153 626 4208 cousuetudine
650 4152 766 4221 discedit,
796 4162 884 4207 tamen
910 4172 964 4207 non
982 4161 1085 4226 pugnat
1103 4173 1162 4208 cum
1180 4155 1281 4227 regula,
1299 4156 1360 4225 quia
1379 4172 1470 4210 servus

295 4242 436 4297 blandiens
455 4244 586 4297 vocabula
604 4244 700 4297 minuit
725 4244 780 4296 fere
801 4245 889 4296 omnia
908 4251 934 4296 et
952 4243 1002 4297 hoc
1020 4243 1098 4298 modo
1118 4242 1286 4298 deminutivis
1306 4243 1382 4300 ludit.
