3175 4984
540 362 780 429 ⁴<47>÷

164 558 291 625 bellclus
316 560 439 622 exstat·
457 553 530 619 Ges.
557 554 640 623 848:
676 553 806 641 Edepol
837 551 994 639 papillam
1026 550 1181 617 bellulam
1217 556 1250 615 ei

75 666 145 731 Mil.
169 665 248 731 989:
275 662 401 748 Edepol
425 661 505 725 haec
530 658 661 745 quidem
687 660 851 725 bellulast.

165 772 315 853 ballistas,
340 766 425 835 Rud.
451 769 533 833 643:
558 766 620 830 Em
643 766 705 829 tibi
731 787 827 850 aqua,
852 770 987 829 meatu
1010 764 1158 828 belliata.

165 877 341 945 belliululus
364 874 417 938 vcl
441 874 622 941 bellatulus:
655 871 729 938 (las.
754 874 834 954 8543
868 873 886 938 I
918 870 1005 936 belle
1034 868 1250 957 bell(i)atula.

165 982 476 1069 blandiloqacnlulus‚
501 981 591 1043 Trin.
617 979 699 1045 239:
731 978 862 1064 (Amor)
887 975 1253 1061 Blandiloqccntulust,

79 1093 234 1178 harpago,
258 1088 411 1171 mendax,
436 1108 557 1173 cuppes
582 1108 607 1149 e.
634 1108 663 1170 q.
690 1108 715 1149 s.

167 1196 349 1279 breviculus,
372 1195 475 1263 Mero.
501 1194 583 1257 639:
620 1190 756 1276 Canum,
786 1214 911 1275 varum,
935 1192 1150 1271 ventriosum,
1174 1191 1251 1255 buc·
1277 1264 1281 1270 ¹

79 1305 255 1381 colentum,
280 1301 491 1365 breviculum.

168 1410 386 1492 commodatus,
404 1407 506 1475 Stich.
524 1406 605 1471 690:
623 1406 695 1471 Hoc
712 1407 900 1470 convivium
916 1405 979 1470 Pro
996 1404 1113 1490 opibus
1131 1407 1253 1469 nostris

77 1519 161 1582 satis
186 1515 469 1579 commodulumst.

166 1624 334 1705 dicaculus,
360 1622 453 1685 Asin.
472 1620 556 1685 517:
582 1619 674 1685 Satis
699 1617 878 1683 dicacula’s
901 1620 1055 1682 amatrix.
1095 1618 1138 1681 ut
1155 1616 1253 1704 Apul.

77 1730 160 1797 Met.
182 1729 244 1807 Ill,
272 1730 331 1791 13:
356 1728 429 1790 Non
455 1730 542 1790 enim
557 1725 648 1791 lacta
663 1726 748 1789 facio
765 1746 826 1789 nec
848 1746 995 1789 sermone
1013 1724 1172 1807 dicaculo,
1197 1722 1255 1789 sed

78 1835 263 1900 vultuosam
288 1836 426 1897 frontem
449 1836 539 1918 rugis
564 1831 810 1918 insurgentibus
836 1829 1044 1895 adservabat.

169 1940 353 2023 dulciculus,
388 1939 489 2006 Poen.
515 1939 598 2003 390:
634 1938 730 2002 huius
764 1938 919 2020 colustra,
953 1938 1050 2002 huius
1074 1935 1256 2002 dulciculus

78 2069 208 2117 caseus·

170 2154 316 2238 coriolos,
341 2152 435 2223 Ourc.
455 2153 539 2217 192:
562 2152 725 2217 Ebriola's
741 2151 894 2238 persolla,
919 2145 1034 2235 nugae.
1074 2150 1155 2220 ibid.
1172 2152 1254 2218 294:
1360 2209 1365 2215 .

82 2262 212 2327 Tristes
237 2271 335 2345 atque
360 2260 477 2325 ebrioli
500 2259 692 2326 abscedunt.

171 2367 386 2453 mendiculus,
416 2366 489 2429 Ter.
515 2364 617 2429 Audr.
643 2365 721 2432 814:
756 2388 833 2429 narn
864 2366 932 2429 fere
957 2363 1158 2430 Grandicula
1189 2366 1256 2428 iam

80 2474 264 2561 profectost
289 2472 389 2535 illinc.

170 2578 361 2659 horridulus,
392 2576 510 2643 Pseud.
536 2580 596 2644 68:
629 2578 830 2664 Papillarum
859 2576 1100 2642 horridularum
1124 2600 1256 2665 oppres·

76 2685 260 2751 siunoulae.

168 2792 348 2870 molliculus,
373 2790 446 2857 Cas.
472 2792 556 2860 843:
591 2790 828 2877 Corpusculum
850 2790 1054 2856 mellioulum
1079 2791 1161 2876 (nisi
1186 2812 1259 2855 cum

77 2900 111 2963 A
136 2898 229 2964 codd.
253 2899 416 2961 malacum
440 2896 614 2981 legendum
640 2898 715 2982 est.)

171 3004 371 3087 mundiarios,
404 3003 499 3089 lapid.
525 3006 604 3071 223:
638 3025 679 3068 an
704 3002 855 3089 regillam
878 3002 1065 3068 induculam
1097 3026 1138 3067 an
1169 3026 1256 3069 men·

77 3108 254 3174 dicularn?

173 3216 351 3295 minutulas,
377 3216 478 3281 Poen.
504 3218 565 3284 28:
595 3218 749 3281 Nutrices
773 3237 891 3303 pueros
915 3217 1053 3282 infantis
1076 3217 1258 3282 minutulos

79 3322 380 3409 Domi-procurent
404 3345 487 3388 neve
511 3329 693 3410 spectatum
719 3323 878 3390 adferant.

171 3431 314 3509 misellus,
338 3430 421 3500 Rud.
446 3430 530 3498 550:
555 3431 648 3495 Eheu
671 3431 825 3497 redactus
849 3452 923 3495 sum
947 3480 954 3496 .
981 3481 988 3494 .
1014 3480 1021 3494 .
1047 3431 1087 3494 ad
1112 3432 1174 3496 hoc
1197 3433 1258 3494 mi-

75 3533 200 3601 sellum
223 3535 370 3621 pallium.

172 3642 358 3726 molliculus,
376 3642 448 3709 Cas.
467 3644 552 3711 492:
576 3644 763 3710 Molliculas
781 3666 885 3727 escas,
907 3651 945 3709 ut
960 3648 1033 3729 ipsa
1048 3644 1258 3710 molliculast.

77 3749 183 3813 Poen.
210 3750 289 3818 367:
314 3772 405 3815 meus
428 3751 614 3816 molliculus
640 3772 766 3818 caseus.

172 3858 351 3942 mundulos,
377 3858 473 3926 Truc.
490 3859 575 3927 658:
599 3858 696 3923 Nunc
720 3881 779 3943 ego
803 3858 858 3945 pol
882 3861 964 3923 istos
981 3857 1155 3923 mundulos
1172 3880 1260 3923 ama·

75 3965 150 4026 sios
173 3962 247 4027 Hoc
271 3967 339 4028 ictu
363 3986 527 4051 exponam
559 3970 660 4050 atque
693 3966 798 4030 omnis
828 3968 946 4031 eiciam
970 3966 1069 4030 foras.
1118 3965 1158 4029 cf.
1183 3964 1261 4031 Dio·

51 4072 55 4077 '
76 4066 213 4131 medem
236 4091 267 4153 p.
293 4069 367 4150 343,
394 4072 432 4134 ll
458 4071 505 4139 K:
539 4077 619 4155 ,atos
643 4071 815 4135 mundulos
839 4073 993 4137 amasios‘
1026 4092 1124 4156 quem
1153 4071 1262 4136 locum

77 4174 221 4239 alterius
244 4178 444 4241 recensionis
470 4198 542 4242 esse
567 4177 789 4243 Buechelerus
813 4178 908 4243 vidit.

169 4281 332 4368 parvolus,
357 4280 450 4368 Capi.
472 4283 555 4347 982:
579 4286 641 4350 libi
664 4283 909 4369 quadrimulum
934 4286 1024 4350 Tuos
1048 4291 1142 4370 pater
1165 4306 1263 4372 pecu·
