3175 4984
586 373 831 441 aar»

116 568 270 643 tivcrum,
294 570 331 629 ut
354 585 446 646 rana,
471 564 672 631 ranunculus
696 615 705 634 .
729 614 738 630 .
764 613 772 631 .
796 565 983 652 pistrinum,
1006 564 1163 652 pistrilla,
1195 568 1291 651 quasi

116 674 257 759 pistrina
279 693 344 736 non
368 675 517 735 exstaret
538 672 634 736 iuxta
657 673 841 758 pistrinum.

201 780 361 865 porcalus,
384 775 517 841 Ferkcl.
564 776 652 841 Men.
677 777 753 841 314.
799 775 885 845 Rud.
912 777 1008 843 1170.

200 886 399 971 portisculus,
423 880 684 947 Haemmerchen
708 882 767 948 des
791 882 1064 955 Radermeisters.
1101 884 1195 949 Asin.
1213 884 1290 969 520,

118 993 170 1055 cui
194 992 290 1076 stirpi
314 986 526 1055 attribuenda
550 989 595 1052 sit
610 1011 682 1069 vox,
707 992 828 1055 nescio.
851 989 897 1054 Et
911 989 1075 1055 Laberius
1094 992 1129 1053 in
1146 990 1292 1058 Hetaera

117 1095 231 1184 (Ribb.
257 1119 286 1182 p.
311 1096 393 1180 287)
416 1094 516 1159 dicit:
550 1094 622 1161 Nec
644 1094 863 1182 palmularum
887 1095 1003 1182 pulsus
1028 1117 1085 1161 nec
1109 1096 1291 1182 portiscnli.

202 1202 322 1291 pallos,
343 1203 437 1288 jung,
461 1202 555 1267 Asin.
572 1202 648 1285 209,
674 1200 768 1288 Oapt.
785 1183 861 1287 840,
886 1201 978 1267 (turc.
995 1202 1072 1269 450.
1095 1202 1292 1287 Plerumque

119 1309 160 1375 de
175 1308 291 1374 bestiis
309 1307 438 1391 dicitnr,
453 1315 565 1374 tamen
582 1329 665 1373 unus
680 1308 773 1373 locus
789 1307 1002 1395 excipiendus
1019 1314 1080 1375 est.
1110 1308 1195 1374 Rud.
1209 1309 1291 1375 567:

119 1415 224 1481 Labr:
249 1414 394 1502 Opsecro
410 1414 519 1479 hercle
536 1413 740 1498 adulescens,
765 1416 823 1479 ubi
838 1417 924 1481 istae
941 1421 1019 1480 sunt
1033 1437 1114 1499 quas
1129 1436 1291 1481 memoras

117 1521 300 1587 mulieres?
347 1520 450 1608 Scep:
474 1520 538 1585 Hic
570 1523 603 1585 in
637 1521 714 1586 fano
739 1521 890 1586 Veneris.
936 1521 1045 1587 Labr:
1069 1521 1159 1595 Quot
1182 1520 1291 1585 sunt?

118 1627 221 1715 Scep:
247 1627 399 1696 Totidem
423 1634 503 1712 quot
527 1650 587 1715 ego
612 1633 647 1692 et
669 1635 706 1691 tu
729 1647 853 1692 sumus.
892 1627 1000 1693 Labr:
1024 1628 1151 1714 Nempe
1168 1626 1289 1693 meae?

116 1734 216 1822 Scep:
241 1734 367 1820 Nempe
386 1736 496 1800 nescio
513 1736 609 1797 istuc.
639 1731 745 1799 Labr:
770 1732 845 1808 Qua
861 1739 937 1798 sunt
952 1732 1060 1800 facie?
1094 1733 1195 1820 Scep:
1219 1732 1291 1798 Sci·

119 1841 198 1909 tula.
237 1840 299 1905 Vel
324 1861 385 1925 ego
410 1862 520 1905 amare
537 1840 697 1905 utramvis
712 1861 856 1926 possum,
881 1842 908 1905 si
924 1839 1024 1927 probe
1041 1839 1180 1927 adpotus
1195 1841 1289 1905 aiem.

117 1946 222 2013 Labr:
247 1947 374 2032 Nempe
397 1945 536 2032 pullae?
574 1946 675 2033 Scep:
699 1946 827 2032 Nempe
851 1946 1009 2013 molestus
1034 1967 1084 2017 es:
1109 1949 1130 2025 i,
1157 1948 1236 2030 vise,
1260 1946 1292 2009 si

116 2052 222 2118 lubet.
270 2053 375 2137 Atqui
391 2053 483 2118 locus
499 2052 561 2117 hac
575 2052 707 2119 laborat
723 2051 928 2137 difficultate,
952 2052 1038 2138 quod
1055 2051 1186 2119 codices
1203 2056 1291 2117 iuter

118 2181 153 2224 se
177 2158 377 2245 discrepant.
416 2160 445 2224 B
461 2158 598 2245 praebet
614 2159 741 2245 Nempe
763 2159 852 2246 pulle
869 2158 970 2247 (quod
988 2160 1146 2225 Gcetzius
1163 2161 1293 2245 accepit

117 2287 183 2331 una
193 2266 305 2331 littera
318 2266 473 2351 mutata),
485 2264 643 2337 O.D.F.Z.
660 2264 788 2353 Nempe
799 2265 940 2351 puellae,
953 2264 993 2333 A.
1002 2264 1289 2330 NEPVELLAE.

123 2370 204 2437 Cum
229 2382 340 2437 autem
362 2371 524 2436 Horatius
547 2370 632 2457 (Sat.
651 2370 678 2454 I,
702 2371 733 2455 3,
756 2371 815 2457 45)
839 2375 875 2436 et
896 2370 1074 2437 Suetonius
1097 2370 1218 2457 (Galig.
1236 2368 1292 2457 13)

117 2480 213 2564 primi
238 2479 311 2543 ausi
335 2498 408 2542 esse
432 2477 607 2543 videantur
630 2476 738 2563 pullus
767 2498 880 2543 rocem
908 2477 951 2543 ad
982 2477 1130 2543 homines
1159 2477 1291 2558 referre,

117 2585 188 2649 veri
211 2583 373 2649 dissimile
397 2605 460 2648 nou
485 2589 544 2665 est,
568 2584 699 2670 puellae
716 2586 791 2667 (nou
810 2584 937 2671 pullae)
954 2584 1111 2649 Plautum
1128 2586 1290 2670 scripisse.

206 2692 343 2775 rotatus,
366 2689 514 2755 roetlich.
562 2693 657 2755 Asin.
681 2691 757 2761 400.
782 2689 823 2757 de
847 2693 956 2778 capite
978 2694 1064 2756 servi
1088 2690 1220 2756 dicitnr.

208 2801 337 2881 scutulo,
350 2796 472 2862 flaches
487 2796 758 2880 Schuesselchen,
774 2797 1071 2882 rantenfoermiges
1081 2796 1291 2882 Lacppcheu.

118 2903 187 2968 Mil.
216 2904 301 2969 1178
335 2926 355 2967 a
383 2909 494 2968 scutra
517 2902 603 2990 ,(non
627 2925 648 2968 a
670 2909 800 2967 scutum
832 2903 887 2968 vel
910 2900 1064 2986 σκυτάλη)
1096 2908 1155 2967 aut
1187 2906 1292 2984 scuta,

119 3009 201 3093 quod
226 3008 423 3073 vocabulum
447 3012 479 3093 in
504 3007 610 3073 Lucil.
634 3014 695 3073 sat.
720 3008 759 3091 V,
785 3009 826 3075 17
851 3011 1003 3076 occurrit.

207 3116 387 3198 securicula,
422 3114 549 3181 kleincs
572 3113 656 3180 Beil.
703 3112 788 3179 Rud.
816 3115 1000 3181 1158-63.
1046 3114 1140 3181 Haec
1163 3120 1198 3179 et
1222 3114 1292 3180 alia

118 3219 297 3307 crepundia
321 3220 502 3287 infantibus
526 3223 583 3307 qui
614 3220 871 3307 exponebantur,
905 3220 1024 3287 cistula
1056 3219 1201 3287 cohibita
1236 3219 1292 3287 da·

118 3326 247 3409 bantur,
280 3325 398 3412 quibus
426 3335 579 3414 parentes
608 3335 725 3414 postea
753 3326 877 3393 liberos
901 3333 1149 3413 cognoscerent.
1194 3326 1291 3393 Hanc

117 3432 160 3499 ob
184 3455 251 3498 rem
276 3434 462 3499 securicula
483 3434 633 3499 litterata
656 3438 717 3516 est,
740 3437 858 3498 mattis
882 3455 1001 3499 nomen
1026 3437 1122 3498 inest.

206 3539 395 3625 uispillott'm,
419 3539 560 3625 simeln,
586 3539 675 3604 Tria.
693 3540 768 3607 881.
803 3538 1070 3628 Fleckeiscnusl)
1094 3539 1201 3622 dccet,
1225 3562 1293 3605 nou

21 3672 22 3675 ¹
118 3645 321 3731 singulatim,
344 3645 403 3710 sed
426 3646 621 3731 singillatim
645 3644 854 3710 scribendum
878 3668 962 3713 esse.

208 3756 315 3838 sata,
333 3752 501 3839 Locstopf.
534 3751 607 3817 (las.
624 3753 700 3834 296,
716 3752 792 3832 342,
816 3755 940 3839 passim
956 3776 977 3819 a
992 3752 1101 3835 situla,
1125 3752 1165 3817 de
1182 3751 1292 3837 aliquo

119 3860 264 3927 sitellam
290 3860 416 3925 deferre
439 3862 461 3929 i.
487 3880 517 3945 q.
541 3858 734 3946 suffragium
758 3858 846 3925 dare.
871 3859 939 3929 Cic.
964 3866 1033 3926 nat.
1058 3860 1147 3928 deor.
1171 3860 1198 3926 Ι.
1217 3858 1292 3925 106.

207 3970 357 4053 sportolo,
381 3964 588 4048 Koerbchen,
613 3965 708 4031 (turc.
726 3964 800 4047 289,
824 3965 912 4031 Men.
937 3967 1001 4032 219
1026 3988 1046 4031 a
1069 3972 1190 4053 sporta.

209 4213 230 4283 ¹)
262 4212 435 4267 Fleckeisen:
467 4213 599 4285 Fnenfzig
616 4212 722 4267 Artikel
748 4230 794 4267 aus
814 4214 899 4267 ciuem
917 4212 1156 4268 Huelfsbuechlein
1174 4212 1234 4267 fuer
1253 4213 1292 4266 la·

118 4303 245 4358 teinische
264 4302 520 4375 Rechtschreibuug.
557 4302 630 4374 Lips.
651 4304 728 4358 1861.
764 4322 791 4374 p.
812 4303 855 4363 29.
