<?xml version="1.0" encoding="UTF-8"?>
<!DOCTYPE html PUBLIC "-//W3C//DTD XHTML 1.0 Transitional//EN"
    "http://www.w3.org/TR/xhtml1/DTD/xhtml1-transitional.dtd">
<html xmlns="http://www.w3.org/1999/xhtml" xml:lang="en" lang="en">
 <head>
  <title>
</title>
<meta http-equiv="Content-Type" content="text/html;charset=utf-8" />
  <meta name='ocr-system' content='tesseract 3.04.00' />
  <meta name='ocr-capabilities' content='ocr_page ocr_carea ocr_par ocr_line ocrx_word'/>
</head>
<body>
  <div class='ocr_page' id='page_1' title='image "./dedeminutivispl00ryhigoog_0036.png"; bbox 0 0 3175 4984; ppageno 0'>
   <div class='ocr_carea' id='block_1_1' title="bbox 808 354 1048 424">
    <p class='ocr_par' dir='ltr' id='par_1_1' title="bbox 808 354 1048 424">
     <span class='ocr_line' id='line_1_1' title="bbox 808 354 1048 424; baseline 0.004 -1"><span class='ocrx_word' id='word_1_1' title='bbox 808 354 1048 424; x_wconf 58' lang='lat'><strong>⁴&lt;28&gt;÷</strong></span> 
     </span>
    </p>
   </div>
   <div class='ocr_carea' id='block_1_2' title="bbox 335 544 1514 1163">
    <p class='ocr_par' dir='ltr' id='par_1_2' title="bbox 337 544 1512 741">
     <span class='ocr_line' id='line_1_2' title="bbox 337 544 1512 635; baseline 0.011 -27"><span class='ocrx_word' id='word_1_2' title='bbox 337 544 465 625; x_wconf 84' lang='lat' dir='ltr'><strong>vocula,</strong></span> <span class='ocrx_word' id='word_1_3' title='bbox 490 544 593 611; x_wconf 78' lang='lat' dir='ltr'><strong>Titio.</strong></span> <span class='ocrx_word' id='word_1_4' title='bbox 620 545 694 629; x_wconf 83' lang='lat'><strong>171,</strong></span> <span class='ocrx_word' id='word_1_5' title='bbox 718 544 806 633; x_wconf 88' lang='lat' dir='ltr'><strong>apud</strong></span> <span class='ocrx_word' id='word_1_6' title='bbox 831 545 996 613; x_wconf 82' lang='lat' dir='ltr'><strong>Catullum</strong></span> <span class='ocrx_word' id='word_1_7' title='bbox 1021 547 1181 634; x_wconf 81' lang='lat' dir='ltr'><strong>auricilla,</strong></span> <span class='ocrx_word' id='word_1_8' title='bbox 1205 550 1268 635; x_wconf 79' lang='lat'><strong>253</strong></span> <span class='ocrx_word' id='word_1_9' title='bbox 1298 550 1512 635; x_wconf 89' lang='lat' dir='ltr'><strong>brachiolum,</strong></span> 
     </span>
     <span class='ocr_line' id='line_1_3' title="bbox 338 650 1296 741; baseline 0.006 -26"><span class='ocrx_word' id='word_1_10' title='bbox 338 652 400 735; x_wconf 79' lang='lat'><strong>613</strong></span> <span class='ocrx_word' id='word_1_11' title='bbox 421 650 633 735; x_wconf 74' lang='lat' dir='ltr'><strong>latusculum,</strong></span> <span class='ocrx_word' id='word_1_12' title='bbox 659 652 721 736; x_wconf 74' lang='lat'><strong>253</strong></span> <span class='ocrx_word' id='word_1_13' title='bbox 744 652 934 737; x_wconf 90' lang='lat' dir='ltr'><strong>medullula,</strong></span> <span class='ocrx_word' id='word_1_14' title='bbox 959 654 1022 738; x_wconf 77' lang='lat'><strong>253</strong></span> <span class='ocrx_word' id='word_1_15' title='bbox 1045 655 1219 741; x_wconf 83' lang='lat' dir='ltr'><strong>saviolum,</strong></span> <span class='ocrx_word' id='word_1_16' title='bbox 1244 658 1296 723; x_wconf 83' lang='lat'><strong>99.</strong></span> 
     </span>
    </p>

    <p class='ocr_par' dir='ltr' id='par_1_3' title="bbox 335 757 1514 1163">
     <span class='ocr_line' id='line_1_4' title="bbox 426 757 1508 854; baseline 0.01 -32"><span class='ocrx_word' id='word_1_17' title='bbox 426 757 526 844; x_wconf 85' lang='lat' dir='ltr'><strong>Apud</strong></span> <span class='ocrx_word' id='word_1_18' title='bbox 549 758 710 829; x_wconf 82' lang='lat' dir='ltr'><strong>Graecos:</strong></span> <span class='ocrx_word' id='word_1_19' title='bbox 737 758 891 845; x_wconf 76' lang='grc' dir='ltr'><em>γαστρίον</em></span> <span class='ocrx_word' id='word_1_20' title='bbox 913 761 1093 826; x_wconf 88' lang='lat' dir='ltr'><strong>Nicostrat.</strong></span> <span class='ocrx_word' id='word_1_21' title='bbox 1117 762 1149 843; x_wconf 80' lang='lat'><strong>2,</strong></span> <span class='ocrx_word' id='word_1_22' title='bbox 1172 762 1353 850; x_wconf 83' lang='grc' dir='ltr'><em>μαστάριον</em></span> <span class='ocrx_word' id='word_1_23' title='bbox 1376 764 1508 854; x_wconf 87' lang='lat' dir='ltr'><strong>Alciph.</strong></span> 
     </span>
     <span class='ocr_line' id='line_1_5' title="bbox 335 862 1514 953; baseline 0.006 -24"><span class='ocrx_word' id='word_1_24' title='bbox 335 863 375 943; x_wconf 77' lang='lat' dir='ltr'><strong>I,</strong></span> <span class='ocrx_word' id='word_1_25' title='bbox 392 866 446 930; x_wconf 86' lang='lat'><strong>31.</strong></span> <span class='ocrx_word' id='word_1_26' title='bbox 501 862 657 951; x_wconf 80' lang='grc' dir='ltr'><em>ποδάριον</em></span> <span class='ocrx_word' id='word_1_27' title='bbox 686 865 805 930; x_wconf 81' lang='lat' dir='ltr'><strong>Alexis</strong></span> <span class='ocrx_word' id='word_1_28' title='bbox 836 869 910 948; x_wconf 88' lang='lat'><strong>110,</strong></span> <span class='ocrx_word' id='word_1_29' title='bbox 948 866 1096 937; x_wconf 81' lang='grc' dir='ltr'><em>ποδὶσκος</em></span> <span class='ocrx_word' id='word_1_30' title='bbox 1124 868 1269 933; x_wconf 80' lang='lat' dir='ltr'><strong>Herond.</strong></span> <span class='ocrx_word' id='word_1_31' title='bbox 1305 870 1334 952; x_wconf 79' lang='lat'><strong>7,</strong></span> <span class='ocrx_word' id='word_1_32' title='bbox 1367 870 1514 953; x_wconf 77' lang='grc' dir='ltr'><em>πογῖδιον</em></span> 
     </span>
     <span class='ocr_line' id='line_1_6' title="bbox 336 970 1507 1061; baseline 0.008 -27"><span class='ocrx_word' id='word_1_33' title='bbox 336 971 394 1035; x_wconf 87' lang='lat' dir='ltr'><strong>Ar.</strong></span> <span class='ocrx_word' id='word_1_34' title='bbox 431 970 514 1036; x_wconf 90' lang='lat' dir='ltr'><strong>th.</strong></span> <span class='ocrx_word' id='word_1_35' title='bbox 546 970 630 1055; x_wconf 81' lang='lat'><strong>6383</strong></span> <span class='ocrx_word' id='word_1_36' title='bbox 664 970 803 1059; x_wconf 76' lang='lat' dir='ltr'><strong>orpdc&#39;ov</strong></span> <span class='ocrx_word' id='word_1_37' title='bbox 835 972 952 1037; x_wconf 82' lang='lat' dir='ltr'><strong>Alexis</strong></span> <span class='ocrx_word' id='word_1_38' title='bbox 981 973 1034 1055; x_wconf 89' lang='grc'><strong>98,</strong></span> <span class='ocrx_word' id='word_1_39' title='bbox 1065 972 1244 1061; x_wconf 74' lang='grc' dir='ltr'><em>οτηθύνιον</em></span> <span class='ocrx_word' id='word_1_40' title='bbox 1275 975 1394 1043; x_wconf 82' lang='lat' dir='ltr'><strong>Eubul.</strong></span> <span class='ocrx_word' id='word_1_41' title='bbox 1432 978 1507 1060; x_wconf 87' lang='lat'><strong>150,</strong></span> 
     </span>
     <span class='ocr_line' id='line_1_7' title="bbox 337 1074 1209 1163; baseline 0.009 -25"><span class='ocrx_word' id='word_1_42' title='bbox 337 1074 524 1163; x_wconf 80' lang='grc' dir='ltr'><em>σκελύὸριον</em></span> <span class='ocrx_word' id='word_1_43' title='bbox 547 1076 691 1146; x_wconf 87' lang='lat' dir='ltr'><strong>Herond.</strong></span> <span class='ocrx_word' id='word_1_44' title='bbox 715 1079 747 1159; x_wconf 85' lang='lat'><strong>4,</strong></span> <span class='ocrx_word' id='word_1_45' title='bbox 771 1076 898 1143; x_wconf 73' lang='grc' dir='ltr'><em>τιτθίον</em></span> <span class='ocrx_word' id='word_1_46' title='bbox 921 1079 980 1143; x_wconf 87' lang='lat' dir='ltr'><strong>Ar.</strong></span> <span class='ocrx_word' id='word_1_47' title='bbox 1004 1079 1085 1145; x_wconf 79' lang='lat' dir='ltr'><strong>Aah.</strong></span> <span class='ocrx_word' id='word_1_48' title='bbox 1114 1080 1209 1148; x_wconf 86' lang='lat'><strong>1199.</strong></span> 
     </span>
    </p>
   </div>
   <div class='ocr_carea' id='block_1_3' title="bbox 481 1251 1361 1355">
    <p class='ocr_par' dir='ltr' id='par_1_4' title="bbox 481 1251 1361 1355">
     <span class='ocr_line' id='line_1_8' title="bbox 481 1251 1361 1355; baseline 0.009 -39"><span class='ocrx_word' id='word_1_49' title='bbox 481 1252 510 1321; x_wconf 77' lang='grc'><strong>2.</strong></span> <span class='ocrx_word' id='word_1_50' title='bbox 536 1251 589 1317; x_wconf 86' lang='lat' dir='ltr'><strong>Ad</strong></span> <span class='ocrx_word' id='word_1_51' title='bbox 614 1255 815 1319; x_wconf 87' lang='lat' dir='ltr'><strong>vestimenta</strong></span> <span class='ocrx_word' id='word_1_52' title='bbox 838 1261 1054 1355; x_wconf 87' lang='lat' dir='ltr'><strong>ornatumque</strong></span> <span class='ocrx_word' id='word_1_53' title='bbox 1077 1258 1242 1343; x_wconf 81' lang='lat' dir='ltr'><strong>pertinent</strong></span> <span class='ocrx_word' id='word_1_54' title='bbox 1264 1258 1361 1324; x_wconf 86' lang='lat' dir='ltr'><strong>hacc:</strong></span> 
     </span>
    </p>
   </div>
   <div class='ocr_carea' id='block_1_4' title="bbox 334 1394 1513 2540">
    <p class='ocr_par' dir='ltr' id='par_1_5' title="bbox 335 1394 1510 1675">
     <span class='ocr_line' id='line_1_9' title="bbox 425 1394 1502 1482; baseline 0.004 -21"><span class='ocrx_word' id='word_1_55' title='bbox 425 1398 551 1479; x_wconf 75' lang='lat' dir='ltr'><strong>caedas,</strong></span> <span class='ocrx_word' id='word_1_56' title='bbox 574 1394 670 1482; x_wconf 79' lang='lat' dir='ltr'><strong>Epid.</strong></span> <span class='ocrx_word' id='word_1_57' title='bbox 684 1394 768 1459; x_wconf 85' lang='lat'>640:</span> <span class='ocrx_word' id='word_1_58' title='bbox 791 1395 867 1460; x_wconf 83' lang='lat' dir='ltr'><strong>Non</strong></span> <span class='ocrx_word' id='word_1_59' title='bbox 890 1398 1071 1460; x_wconf 83' lang='lat' dir='ltr'><strong>meministi</strong></span> <span class='ocrx_word' id='word_1_60' title='bbox 1093 1398 1146 1461; x_wconf 87' lang='lat' dir='ltr'><strong>me</strong></span> <span class='ocrx_word' id='word_1_61' title='bbox 1170 1418 1304 1463; x_wconf 81' lang='lat' dir='ltr'><strong>auream</strong></span> <span class='ocrx_word' id='word_1_62' title='bbox 1327 1398 1370 1463; x_wconf 88' lang='lat' dir='ltr'><strong>ad</strong></span> <span class='ocrx_word' id='word_1_63' title='bbox 1394 1405 1428 1465; x_wconf 92' lang='lat' dir='ltr'><strong>te</strong></span> <span class='ocrx_word' id='word_1_64' title='bbox 1446 1402 1502 1464; x_wconf 89' lang='lat' dir='ltr'><strong>ad-</strong></span> 
     </span>
     <span class='ocr_line' id='line_1_10' title="bbox 335 1500 1510 1592; baseline 0.003 -26"><span class='ocrx_word' id='word_1_65' title='bbox 335 1502 418 1566; x_wconf 86' lang='lat' dir='ltr'><strong>lerre</strong></span> <span class='ocrx_word' id='word_1_66' title='bbox 451 1500 555 1565; x_wconf 87' lang='lat' dir='ltr'><strong>natali</strong></span> <span class='ocrx_word' id='word_1_67' title='bbox 586 1501 639 1566; x_wconf 89' lang='lat' dir='ltr'><strong>die</strong></span> <span class='ocrx_word' id='word_1_68' title='bbox 662 1500 829 1566; x_wconf 88' lang='lat' dir='ltr'><strong>Lunulam</strong></span> <span class='ocrx_word' id='word_1_69' title='bbox 858 1509 957 1586; x_wconf 86' lang='lat' dir='ltr'><strong>atque</strong></span> <span class='ocrx_word' id='word_1_70' title='bbox 990 1502 1132 1567; x_wconf 86' lang='lat' dir='ltr'><strong>anellum</strong></span> <span class='ocrx_word' id='word_1_71' title='bbox 1163 1504 1332 1569; x_wconf 89' lang='lat' dir='ltr'><strong>aureolum</strong></span> <span class='ocrx_word' id='word_1_72' title='bbox 1364 1507 1399 1569; x_wconf 91' lang='lat' dir='ltr'><strong>in</strong></span> <span class='ocrx_word' id='word_1_73' title='bbox 1424 1504 1510 1592; x_wconf 88' lang='lat' dir='ltr'><strong>digi-</strong></span> 
     </span>
     <span class='ocr_line' id='line_1_11' title="bbox 335 1606 471 1675; baseline -0.029 0"><span class='ocrx_word' id='word_1_74' title='bbox 335 1606 471 1675; x_wconf 84' lang='lat' dir='ltr'><strong>tulum?</strong></span> 
     </span>
    </p>

    <p class='ocr_par' dir='ltr' id='par_1_6' title="bbox 335 1714 1509 2013">
     <span class='ocr_line' id='line_1_12' title="bbox 447 1714 1509 1805; baseline 0.001 -23"><span class='ocrx_word' id='word_1_75' title='bbox 447 1719 631 1799; x_wconf 67' lang='lat' dir='ltr'><strong>comoros,</strong></span> <span class='ocrx_word' id='word_1_76' title='bbox 655 1714 775 1780; x_wconf 80' lang='lat' dir='ltr'><strong>Bacch.</strong></span> <span class='ocrx_word' id='word_1_77' title='bbox 789 1716 873 1780; x_wconf 77' lang='lat'>432:</span> <span class='ocrx_word' id='word_1_78' title='bbox 897 1715 980 1782; x_wconf 91' lang='lat' dir='ltr'><strong>Inde</strong></span> <span class='ocrx_word' id='word_1_79' title='bbox 1005 1715 1044 1779; x_wconf 91' lang='lat' dir='ltr'><strong>de</strong></span> <span class='ocrx_word' id='word_1_80' title='bbox 1062 1716 1274 1803; x_wconf 86' lang='lat' dir='ltr'><strong>hippodromo</strong></span> <span class='ocrx_word' id='word_1_81' title='bbox 1292 1724 1326 1781; x_wconf 90' lang='lat' dir='ltr'><strong>et</strong></span> <span class='ocrx_word' id='word_1_82' title='bbox 1341 1718 1509 1805; x_wconf 85' lang='lat' dir='ltr'><strong>palaestra</strong></span> 
     </span>
     <span class='ocr_line' id='line_1_13' title="bbox 336 1819 1509 1913; baseline 0.003 -27"><span class='ocrx_word' id='word_1_83' title='bbox 336 1821 392 1886; x_wconf 91' lang='lat' dir='ltr'><strong>ubi</strong></span> <span class='ocrx_word' id='word_1_84' title='bbox 424 1823 604 1886; x_wconf 82' lang='lat' dir='ltr'><strong>revenisses</strong></span> <span class='ocrx_word' id='word_1_85' title='bbox 639 1819 779 1905; x_wconf 90' lang='lat' dir='ltr'><strong>domum,</strong></span> <span class='ocrx_word' id='word_1_86' title='bbox 813 1821 997 1887; x_wconf 76' lang='lat' dir='ltr'><strong>cincticulo</strong></span> <span class='ocrx_word' id='word_1_87' title='bbox 1022 1826 1226 1907; x_wconf 88' lang='lat' dir='ltr'><strong>praecinctus</strong></span> <span class='ocrx_word' id='word_1_88' title='bbox 1249 1827 1283 1887; x_wconf 93' lang='lat' dir='ltr'><strong>in</strong></span> <span class='ocrx_word' id='word_1_89' title='bbox 1313 1824 1397 1891; x_wconf 85' lang='lat' dir='ltr'><strong>sella</strong></span> <span class='ocrx_word' id='word_1_90' title='bbox 1421 1824 1509 1913; x_wconf 90' lang='lat' dir='ltr'><strong>apud</strong></span> 
     </span>
     <span class='ocr_line' id='line_1_14' title="bbox 335 1925 1153 2013; baseline 0.001 -22"><span class='ocrx_word' id='word_1_91' title='bbox 335 1930 528 2013; x_wconf 89' lang='lat' dir='ltr'><strong>magistrum</strong></span> <span class='ocrx_word' id='word_1_92' title='bbox 553 1925 720 1991; x_wconf 85' lang='lat' dir='ltr'><strong>adsideres</strong></span> <span class='ocrx_word' id='word_1_93' title='bbox 745 1925 826 1991; x_wconf 85' lang='lat' dir='ltr'><strong>Oum</strong></span> <span class='ocrx_word' id='word_1_94' title='bbox 850 1927 932 1992; x_wconf 88' lang='lat' dir='ltr'><strong>libro</strong></span> <span class='ocrx_word' id='word_1_95' title='bbox 958 1933 994 1991; x_wconf 93' lang='lat' dir='ltr'><strong>ut</strong></span> <span class='ocrx_word' id='word_1_96' title='bbox 1015 1928 1153 2012; x_wconf 88' lang='lat' dir='ltr'><strong>legeres.</strong></span> 
     </span>
    </p>

    <p class='ocr_par' dir='ltr' id='par_1_7' title="bbox 334 2031 1513 2540">
     <span class='ocr_line' id='line_1_15' title="bbox 426 2031 1513 2120; baseline -0.002 -19"><span class='ocrx_word' id='word_1_97' title='bbox 426 2037 554 2117; x_wconf 84' lang='lat' dir='ltr'><strong>corolla,</strong></span> <span class='ocrx_word' id='word_1_98' title='bbox 585 2031 706 2102; x_wconf 85' lang='lat' dir='ltr'><strong>Bacch.</strong></span> <span class='ocrx_word' id='word_1_99' title='bbox 729 2032 789 2100; x_wconf 81' lang='lat'><strong>70:</strong></span> <span class='ocrx_word' id='word_1_100' title='bbox 820 2032 889 2097; x_wconf 89' lang='lat' dir='ltr'><strong>Ubi</strong></span> <span class='ocrx_word' id='word_1_101' title='bbox 912 2054 972 2118; x_wconf 90' lang='lat' dir='ltr'><strong>ego</strong></span> <span class='ocrx_word' id='word_1_102' title='bbox 998 2035 1201 2119; x_wconf 76' lang='lat' dir='ltr'><strong>capiam...</strong></span> <span class='ocrx_word' id='word_1_103' title='bbox 1227 2056 1287 2120; x_wconf 90' lang='lat' dir='ltr'><strong>pro</strong></span> <span class='ocrx_word' id='word_1_104' title='bbox 1310 2035 1410 2120; x_wconf 85' lang='lat' dir='ltr'><strong>galea</strong></span> <span class='ocrx_word' id='word_1_105' title='bbox 1442 2057 1513 2100; x_wconf 87' lang='lat' dir='ltr'><strong>sca-</strong></span> 
     </span>
     <span class='ocr_line' id='line_1_16' title="bbox 337 2138 1509 2227; baseline 0.001 -22"><span class='ocrx_word' id='word_1_106' title='bbox 337 2140 460 2227; x_wconf 87' lang='lat' dir='ltr'><strong>phium,</strong></span> <span class='ocrx_word' id='word_1_107' title='bbox 484 2162 544 2226; x_wconf 94' lang='lat' dir='ltr'><strong>pro</strong></span> <span class='ocrx_word' id='word_1_108' title='bbox 568 2141 690 2227; x_wconf 82' lang='lat' dir='ltr'><strong>insigni</strong></span> <span class='ocrx_word' id='word_1_109' title='bbox 713 2142 757 2203; x_wconf 87' lang='lat' dir='ltr'><strong>sit</strong></span> <span class='ocrx_word' id='word_1_110' title='bbox 787 2138 910 2205; x_wconf 90' lang='lat' dir='ltr'><strong>corolla</strong></span> <span class='ocrx_word' id='word_1_111' title='bbox 941 2138 1106 2225; x_wconf 73' lang='lat' dir='ltr'><strong>plectilis,</strong></span> <span class='ocrx_word' id='word_1_112' title='bbox 1136 2139 1255 2205; x_wconf 89' lang='lat' dir='ltr'><strong>Pseud.</strong></span> <span class='ocrx_word' id='word_1_113' title='bbox 1290 2142 1396 2208; x_wconf 81' lang='lat'>1265:</span> <span class='ocrx_word' id='word_1_114' title='bbox 1426 2141 1509 2207; x_wconf 90' lang='lat' dir='ltr'><strong>Deis</strong></span> 
     </span>
     <span class='ocr_line' id='line_1_17' title="bbox 334 2246 1511 2333; baseline 0.001 -21"><span class='ocrx_word' id='word_1_115' title='bbox 334 2269 526 2333; x_wconf 86' lang='lat' dir='ltr'><strong>proxumum</strong></span> <span class='ocrx_word' id='word_1_116' title='bbox 551 2268 621 2311; x_wconf 88' lang='lat' dir='ltr'><strong>csse</strong></span> <span class='ocrx_word' id='word_1_117' title='bbox 645 2246 706 2311; x_wconf 91' lang='lat' dir='ltr'><strong>boo</strong></span> <span class='ocrx_word' id='word_1_118' title='bbox 731 2246 890 2317; x_wconf 84' lang='lat' dir='ltr'><strong>arbitror.</strong></span> <span class='ocrx_word' id='word_1_119' title='bbox 904 2296 934 2314; x_wconf 90' lang='lat'><strong>..</strong></span> <span class='ocrx_word' id='word_1_120' title='bbox 960 2246 1137 2331; x_wconf 86' lang='lat' dir='ltr'><strong>Unguenta</strong></span> <span class='ocrx_word' id='word_1_121' title='bbox 1154 2252 1254 2331; x_wconf 89' lang='lat' dir='ltr'><strong>atque</strong></span> <span class='ocrx_word' id='word_1_122' title='bbox 1277 2246 1405 2332; x_wconf 88' lang='lat' dir='ltr'><strong>odores,</strong></span> <span class='ocrx_word' id='word_1_123' title='bbox 1429 2248 1511 2313; x_wconf 93' lang='lat' dir='ltr'><strong>lem·</strong></span> 
     </span>
     <span class='ocr_line' id='line_1_18' title="bbox 336 2352 1511 2439; baseline 0.003 -23"><span class='ocrx_word' id='word_1_124' title='bbox 336 2356 455 2435; x_wconf 88' lang='lat' dir='ltr'><strong>niscos,</strong></span> <span class='ocrx_word' id='word_1_125' title='bbox 481 2353 619 2419; x_wconf 87' lang='lat' dir='ltr'><strong>corollas</strong></span> <span class='ocrx_word' id='word_1_126' title='bbox 644 2352 715 2419; x_wconf 89' lang='lat' dir='ltr'><strong>dari</strong></span> <span class='ocrx_word' id='word_1_127' title='bbox 738 2352 894 2439; x_wconf 81' lang='lat' dir='ltr'><strong>dapsilis3</strong></span> <span class='ocrx_word' id='word_1_128' title='bbox 929 2352 1011 2418; x_wconf 90' lang='lat' dir='ltr'><strong>ibid.</strong></span> <span class='ocrx_word' id='word_1_129' title='bbox 1036 2353 1139 2421; x_wconf 76' lang='lat'><strong>12992</strong></span> <span class='ocrx_word' id='word_1_130' title='bbox 1164 2352 1257 2429; x_wconf 77' lang='lat' dir='ltr'><strong>Quae</strong></span> <span class='ocrx_word' id='word_1_131' title='bbox 1280 2356 1386 2420; x_wconf 84' lang='lat' dir='ltr'><strong>istaec</strong></span> <span class='ocrx_word' id='word_1_132' title='bbox 1411 2354 1511 2419; x_wconf 92' lang='lat' dir='ltr'><strong>auda·</strong></span> 
     </span>
     <span class='ocr_line' id='line_1_19' title="bbox 338 2459 1351 2540; baseline 0.002 -17"><span class='ocrx_word' id='word_1_133' title='bbox 338 2462 432 2540; x_wconf 83' lang='lat' dir='ltr'><strong>ciust,</strong></span> <span class='ocrx_word' id='word_1_134' title='bbox 456 2465 491 2525; x_wconf 87' lang='lat' dir='ltr'><strong>te</strong></span> <span class='ocrx_word' id='word_1_135' title='bbox 515 2461 563 2523; x_wconf 87' lang='lat' dir='ltr'><strong>sic</strong></span> <span class='ocrx_word' id='word_1_136' title='bbox 585 2459 746 2524; x_wconf 88' lang='lat' dir='ltr'><strong>interdius</strong></span> <span class='ocrx_word' id='word_1_137' title='bbox 771 2459 853 2524; x_wconf 86' lang='lat' dir='ltr'><strong>Oum</strong></span> <span class='ocrx_word' id='word_1_138' title='bbox 878 2462 999 2525; x_wconf 90' lang='lat' dir='ltr'><strong>corolla</strong></span> <span class='ocrx_word' id='word_1_139' title='bbox 1023 2460 1149 2525; x_wconf 88' lang='lat' dir='ltr'><strong>ebrium</strong></span> <span class='ocrx_word' id='word_1_140' title='bbox 1171 2460 1351 2527; x_wconf 86' lang='lat' dir='ltr'><strong>incedere?</strong></span> 
     </span>
    </p>
   </div>
   <div class='ocr_carea' id='block_1_5' title="bbox 426 2563 1511 2651">
    <p class='ocr_par' dir='ltr' id='par_1_8' title="bbox 426 2563 1511 2651">
     <span class='ocr_line' id='line_1_20' title="bbox 426 2563 1511 2651; baseline 0 -18"><span class='ocrx_word' id='word_1_141' title='bbox 426 2564 586 2651; x_wconf 79' lang='lat' dir='ltr'><strong>crepidula</strong></span> <span class='ocrx_word' id='word_1_142' title='bbox 609 2587 629 2628; x_wconf 89' lang='lat' dir='ltr'><strong>a</strong></span> <span class='ocrx_word' id='word_1_143' title='bbox 647 2563 783 2649; x_wconf 90' lang='lat' dir='ltr'><strong>crepida</strong></span> <span class='ocrx_word' id='word_1_144' title='bbox 799 2564 885 2647; x_wconf 89' lang='lat' dir='ltr'><strong>quod</strong></span> <span class='ocrx_word' id='word_1_145' title='bbox 902 2576 953 2631; x_wconf 91' lang='lat' dir='ltr'><strong>est</strong></span> <span class='ocrx_word' id='word_1_146' title='bbox 967 2564 1079 2651; x_wconf 82' lang='grc' dir='ltr'><strong><em>κρηπίς</em></strong></span> <span class='ocrx_word' id='word_1_147' title='bbox 1100 2567 1191 2631; x_wconf 86' lang='lat' dir='ltr'><strong>Pers.</strong></span> <span class='ocrx_word' id='word_1_148' title='bbox 1207 2568 1292 2631; x_wconf 83' lang='lat'>464:</span> <span class='ocrx_word' id='word_1_149' title='bbox 1318 2567 1401 2631; x_wconf 78' lang='lat' dir='ltr'><strong>Tum</strong></span> <span class='ocrx_word' id='word_1_150' title='bbox 1425 2567 1511 2633; x_wconf 89' lang='lat' dir='ltr'><strong>hanc</strong></span> 
     </span>
    </p>
   </div>
   <div class='ocr_carea' id='block_1_6' title="bbox 335 2668 1511 4357">
    <p class='ocr_par' dir='ltr' id='par_1_9' title="bbox 335 2668 1193 2758">
     <span class='ocr_line' id='line_1_21' title="bbox 335 2668 1193 2758; baseline -0.002 -22"><span class='ocrx_word' id='word_1_151' title='bbox 335 2672 500 2758; x_wconf 83' lang='lat' dir='ltr'><strong>hospitam</strong></span> <span class='ocrx_word' id='word_1_152' title='bbox 524 2675 634 2735; x_wconf 88' lang='lat' dir='ltr'><strong>autem</strong></span> <span class='ocrx_word' id='word_1_153' title='bbox 658 2668 825 2754; x_wconf 89' lang='lat' dir='ltr'><strong>crepidula</strong></span> <span class='ocrx_word' id='word_1_154' title='bbox 848 2677 887 2735; x_wconf 90' lang='lat' dir='ltr'><strong>ut</strong></span> <span class='ocrx_word' id='word_1_155' title='bbox 908 2670 1064 2757; x_wconf 87' lang='lat' dir='ltr'><strong>graphice</strong></span> <span class='ocrx_word' id='word_1_156' title='bbox 1088 2670 1193 2737; x_wconf 89' lang='lat' dir='ltr'><strong>decet.</strong></span> 
     </span>
    </p>

    <p class='ocr_par' dir='ltr' id='par_1_10' title="bbox 336 2774 1507 2951">
     <span class='ocr_line' id='line_1_22' title="bbox 424 2774 1507 2863; baseline -0.001 -19"><span class='ocrx_word' id='word_1_157' title='bbox 424 2781 585 2846; x_wconf 77' lang='lat' dir='ltr'><strong>lemniacas</strong></span> <span class='ocrx_word' id='word_1_158' title='bbox 607 2780 629 2842; x_wconf 91' lang='lat' dir='ltr'><strong>i.</strong></span> <span class='ocrx_word' id='word_1_159' title='bbox 654 2798 685 2861; x_wconf 85' lang='lat' dir='ltr'><strong>q.</strong></span> <span class='ocrx_word' id='word_1_160' title='bbox 708 2774 877 2863; x_wconf 78' lang='grc' dir='ltr'><em>λημνίσκος</em></span> <span class='ocrx_word' id='word_1_161' title='bbox 899 2775 1021 2845; x_wconf 84' lang='lat' dir='ltr'><strong>Pseud.</strong></span> <span class='ocrx_word' id='word_1_162' title='bbox 1048 2776 1133 2842; x_wconf 76' lang='lat'>1265</span> <span class='ocrx_word' id='word_1_163' title='bbox 1167 2798 1264 2862; x_wconf 90' lang='lat' dir='ltr'><strong>quem</strong></span> <span class='ocrx_word' id='word_1_164' title='bbox 1286 2777 1395 2842; x_wconf 91' lang='lat' dir='ltr'><strong>locum</strong></span> <span class='ocrx_word' id='word_1_165' title='bbox 1424 2801 1450 2849; x_wconf 85' lang='lat' dir='ltr'><strong>s.</strong></span> <span class='ocrx_word' id='word_1_166' title='bbox 1474 2801 1507 2843; x_wconf 84' lang='lat' dir='ltr'><strong>v.</strong></span> 
     </span>
     <span class='ocr_line' id='line_1_23' title="bbox 336 2884 592 2951; baseline 0 0"><span class='ocrx_word' id='word_1_167' title='bbox 336 2884 459 2951; x_wconf 89' lang='lat' dir='ltr'><strong>corolla</strong></span> <span class='ocrx_word' id='word_1_168' title='bbox 483 2885 592 2951; x_wconf 89' lang='lat' dir='ltr'><strong>attuli.</strong></span> 
     </span>
    </p>

    <p class='ocr_par' dir='ltr' id='par_1_11' title="bbox 335 2986 1510 3270">
     <span class='ocr_line' id='line_1_24' title="bbox 425 2986 1510 3075; baseline -0.006 -17"><span class='ocrx_word' id='word_1_169' title='bbox 425 2992 592 3074; x_wconf 71' lang='lat' dir='ltr'><strong>*limbolua</strong></span> <span class='ocrx_word' id='word_1_170' title='bbox 626 2988 712 3054; x_wconf 90' lang='lat' dir='ltr'><strong>unde</strong></span> <span class='ocrx_word' id='word_1_171' title='bbox 746 2987 952 3053; x_wconf 90' lang='lat' dir='ltr'><strong>limbolarius</strong></span> <span class='ocrx_word' id='word_1_172' title='bbox 990 2986 1042 3075; x_wconf 91' lang='lat' dir='ltr'><strong>(ut</strong></span> <span class='ocrx_word' id='word_1_173' title='bbox 1079 2987 1261 3053; x_wconf 89' lang='lat' dir='ltr'><strong>arcularius</strong></span> <span class='ocrx_word' id='word_1_174' title='bbox 1300 2988 1342 3053; x_wconf 88' lang='lat' dir='ltr'><strong>ab</strong></span> <span class='ocrx_word' id='word_1_175' title='bbox 1381 2987 1510 3074; x_wconf 82' lang='lat' dir='ltr'><strong>arcula)</strong></span> 
     </span>
     <span class='ocr_line' id='line_1_25' title="bbox 335 3094 1510 3181; baseline -0.006 -17"><span class='ocrx_word' id='word_1_176' title='bbox 335 3098 446 3164; x_wconf 87' lang='lat' dir='ltr'><strong>Aulul.</strong></span> <span class='ocrx_word' id='word_1_177' title='bbox 471 3095 686 3162; x_wconf 79' lang='lat' dir='ltr'><strong>bl9z&#39;Stant</strong></span> <span class='ocrx_word' id='word_1_178' title='bbox 709 3094 917 3181; x_wconf 87' lang='lat' dir='ltr'><strong>phylacistae</strong></span> <span class='ocrx_word' id='word_1_179' title='bbox 940 3096 974 3158; x_wconf 88' lang='lat' dir='ltr'><strong>in</strong></span> <span class='ocrx_word' id='word_1_180' title='bbox 999 3096 1095 3159; x_wconf 86' lang='lat' dir='ltr'><strong>atriis</strong></span> <span class='ocrx_word' id='word_1_181' title='bbox 1118 3094 1290 3178; x_wconf 78' lang='lat' dir='ltr'><strong>Textores‚</strong></span> <span class='ocrx_word' id='word_1_182' title='bbox 1322 3095 1510 3176; x_wconf 90' lang='lat' dir='ltr'><strong>limbolarii,</strong></span> 
     </span>
     <span class='ocr_line' id='line_1_26' title="bbox 338 3204 861 3270; baseline -0.021 0"><span class='ocrx_word' id='word_1_183' title='bbox 338 3204 503 3270; x_wconf 86' lang='lat' dir='ltr'><strong>arcularii.</strong></span> <span class='ocrx_word' id='word_1_184' title='bbox 857 3226 861 3233; x_wconf 94' lang='lat'>·</span> 
     </span>
    </p>

    <p class='ocr_par' dir='ltr' id='par_1_12' title="bbox 337 3306 1508 3483">
     <span class='ocr_line' id='line_1_27' title="bbox 425 3306 1508 3394; baseline -0.006 -17"><span class='ocrx_word' id='word_1_185' title='bbox 425 3312 586 3393; x_wconf 73' lang='lat' dir='ltr'><strong>linteolum,</strong></span> <span class='ocrx_word' id='word_1_186' title='bbox 616 3306 711 3394; x_wconf 82' lang='lat' dir='ltr'><strong>Epid.</strong></span> <span class='ocrx_word' id='word_1_187' title='bbox 733 3306 818 3371; x_wconf 79' lang='lat'><strong>230:</strong></span> <span class='ocrx_word' id='word_1_188' title='bbox 854 3306 1015 3371; x_wconf 82' lang='lat' dir='ltr'><strong>Tunicam</strong></span> <span class='ocrx_word' id='word_1_189' title='bbox 1039 3306 1165 3390; x_wconf 90' lang='lat' dir='ltr'><strong>rallam,</strong></span> <span class='ocrx_word' id='word_1_190' title='bbox 1189 3307 1335 3371; x_wconf 87' lang='lat' dir='ltr'><strong>tunicam</strong></span> <span class='ocrx_word' id='word_1_191' title='bbox 1359 3309 1508 3393; x_wconf 83' lang='lat' dir='ltr'><strong>spissam,</strong></span> 
     </span>
     <span class='ocr_line' id='line_1_28' title="bbox 337 3415 719 3483; baseline -0.01 0"><span class='ocrx_word' id='word_1_192' title='bbox 337 3417 509 3483; x_wconf 89' lang='lat' dir='ltr'><strong>linteolum</strong></span> <span class='ocrx_word' id='word_1_193' title='bbox 534 3415 719 3481; x_wconf 83' lang='lat' dir='ltr'><strong>cassicium.</strong></span> 
     </span>
    </p>

    <p class='ocr_par' dir='ltr' id='par_1_13' title="bbox 425 3519 1409 3609">
     <span class='ocr_line' id='line_1_29' title="bbox 425 3519 1409 3609; baseline -0.005 -19"><span class='ocrx_word' id='word_1_194' title='bbox 425 3527 542 3607; x_wconf 81' lang='lat' dir='ltr'><strong>lunula,</strong></span> <span class='ocrx_word' id='word_1_195' title='bbox 565 3520 663 3609; x_wconf 84' lang='lat' dir='ltr'><strong>Epid.</strong></span> <span class='ocrx_word' id='word_1_196' title='bbox 680 3520 746 3587; x_wconf 83' lang='lat'><strong>640</strong></span> <span class='ocrx_word' id='word_1_197' title='bbox 769 3539 866 3602; x_wconf 90' lang='lat' dir='ltr'><strong>quem</strong></span> <span class='ocrx_word' id='word_1_198' title='bbox 889 3539 1020 3584; x_wconf 88' lang='lat' dir='ltr'><strong>versum</strong></span> <span class='ocrx_word' id='word_1_199' title='bbox 1044 3519 1143 3583; x_wconf 89' lang='lat' dir='ltr'><strong>attuli</strong></span> <span class='ocrx_word' id='word_1_200' title='bbox 1166 3539 1193 3589; x_wconf 83' lang='lat' dir='ltr'><strong>s.</strong></span> <span class='ocrx_word' id='word_1_201' title='bbox 1216 3541 1247 3584; x_wconf 85' lang='lat' dir='ltr'><strong>v.</strong></span> <span class='ocrx_word' id='word_1_202' title='bbox 1271 3519 1409 3585; x_wconf 87' lang='lat' dir='ltr'><strong>anellus.</strong></span> 
     </span>
    </p>

    <p class='ocr_par' dir='ltr' id='par_1_14' title="bbox 336 3625 1511 4229">
     <span class='ocr_line' id='line_1_30' title="bbox 421 3625 1508 3721; baseline -0.008 -23"><span class='ocrx_word' id='word_1_203' title='bbox 421 3634 592 3721; x_wconf 78' lang='lat' dir='ltr'><strong>palliolum,</strong></span> <span class='ocrx_word' id='word_1_204' title='bbox 617 3626 692 3696; x_wconf 86' lang='lat' dir='ltr'><strong>Oas.</strong></span> <span class='ocrx_word' id='word_1_205' title='bbox 715 3626 795 3691; x_wconf 82' lang='lat'>246:</span> <span class='ocrx_word' id='word_1_206' title='bbox 819 3625 945 3705; x_wconf 83' lang='lat' dir='ltr'><strong>iliades,</strong></span> <span class='ocrx_word' id='word_1_207' title='bbox 969 3634 1152 3691; x_wconf 84' lang='lat' dir='ltr'><strong>mecastor:</strong></span> <span class='ocrx_word' id='word_1_208' title='bbox 1177 3625 1252 3692; x_wconf 81' lang='lat' dir='ltr'><strong>ride</strong></span> <span class='ocrx_word' id='word_1_209' title='bbox 1267 3625 1450 3713; x_wconf 86' lang='lat' dir='ltr'><strong>palliolum,</strong></span> <span class='ocrx_word' id='word_1_210' title='bbox 1473 3631 1508 3690; x_wconf 92' lang='lat' dir='ltr'><strong>ut</strong></span> 
     </span>
     <span class='ocr_line' id='line_1_31' title="bbox 338 3730 1510 3827; baseline -0.005 -24"><span class='ocrx_word' id='word_1_211' title='bbox 338 3745 452 3827; x_wconf 73' lang='lat' dir='ltr'><strong>rugat,</strong></span> <span class='ocrx_word' id='word_1_212' title='bbox 475 3737 556 3805; x_wconf 90' lang='lat' dir='ltr'><strong>ibid.</strong></span> <span class='ocrx_word' id='word_1_213' title='bbox 581 3736 663 3805; x_wconf 86' lang='lat'><strong>934:</strong></span> <span class='ocrx_word' id='word_1_214' title='bbox 688 3733 754 3801; x_wconf 87' lang='lat' dir='ltr'><strong>Sed</strong></span> <span class='ocrx_word' id='word_1_215' title='bbox 778 3731 868 3797; x_wconf 89' lang='lat' dir='ltr'><strong>ubist</strong></span> <span class='ocrx_word' id='word_1_216' title='bbox 889 3732 1061 3819; x_wconf 91' lang='lat' dir='ltr'><strong>palliolum</strong></span> <span class='ocrx_word' id='word_1_217' title='bbox 1076 3741 1167 3797; x_wconf 91' lang='lat' dir='ltr'><strong>tuom</strong></span> <span class='ocrx_word' id='word_1_218' title='bbox 1182 3731 1269 3797; x_wconf 85' lang='lat' dir='ltr'><strong>tibi?</strong></span> <span class='ocrx_word' id='word_1_219' title='bbox 1314 3730 1412 3818; x_wconf 85' lang='lat' dir='ltr'><strong>Epid.</strong></span> <span class='ocrx_word' id='word_1_220' title='bbox 1433 3732 1510 3797; x_wconf 87' lang='lat'>194:</span> 
     </span>
     <span class='ocr_line' id='line_1_32' title="bbox 338 3837 1508 3930; baseline -0.007 -19"><span class='ocrx_word' id='word_1_221' title='bbox 338 3847 411 3930; x_wconf 86' lang='lat' dir='ltr'><strong>Age</strong></span> <span class='ocrx_word' id='word_1_222' title='bbox 436 3844 587 3908; x_wconf 90' lang='lat' dir='ltr'><strong>nunciam</strong></span> <span class='ocrx_word' id='word_1_223' title='bbox 612 3862 692 3906; x_wconf 90' lang='lat' dir='ltr'><strong>orna</strong></span> <span class='ocrx_word' id='word_1_224' title='bbox 714 3846 758 3923; x_wconf 86' lang='lat' dir='ltr'><strong>te,</strong></span> <span class='ocrx_word' id='word_1_225' title='bbox 782 3838 931 3925; x_wconf 85' lang='lat' dir='ltr'><strong>Epidico,</strong></span> <span class='ocrx_word' id='word_1_226' title='bbox 956 3845 990 3903; x_wconf 86' lang='lat' dir='ltr'><strong>et</strong></span> <span class='ocrx_word' id='word_1_227' title='bbox 1005 3839 1175 3926; x_wconf 89' lang='lat' dir='ltr'><strong>palliolum</strong></span> <span class='ocrx_word' id='word_1_228' title='bbox 1190 3840 1224 3901; x_wconf 89' lang='lat' dir='ltr'><strong>in</strong></span> <span class='ocrx_word' id='word_1_229' title='bbox 1242 3837 1362 3903; x_wconf 91' lang='lat' dir='ltr'><strong>collum</strong></span> <span class='ocrx_word' id='word_1_230' title='bbox 1378 3840 1508 3921; x_wconf 82' lang='lat' dir='ltr'><strong>conice;</strong></span> 
     </span>
     <span class='ocr_line' id='line_1_33' title="bbox 337 3944 1509 4031; baseline -0.007 -15"><span class='ocrx_word' id='word_1_231' title='bbox 337 3952 408 4017; x_wconf 87' lang='lat' dir='ltr'><strong>Mil.</strong></span> <span class='ocrx_word' id='word_1_232' title='bbox 428 3950 529 4015; x_wconf 81' lang='lat'>1179:</span> <span class='ocrx_word' id='word_1_233' title='bbox 553 3946 729 4013; x_wconf 85' lang='lat' dir='ltr'><strong>Palliolum</strong></span> <span class='ocrx_word' id='word_1_234' title='bbox 745 3945 872 4012; x_wconf 81' lang='lat' dir='ltr'><strong>habeas</strong></span> <span class='ocrx_word' id='word_1_235' title='bbox 887 3946 1119 4031; x_wconf 80' lang='lat' dir='ltr'><strong>ferrugineam,</strong></span> <span class='ocrx_word' id='word_1_236' title='bbox 1142 3946 1264 4009; x_wconf 86' lang='lat' dir='ltr'><strong>narnis</strong></span> <span class='ocrx_word' id='word_1_237' title='bbox 1281 3944 1370 4010; x_wconf 91' lang='lat' dir='ltr'><strong>colos</strong></span> <span class='ocrx_word' id='word_1_238' title='bbox 1387 3944 1509 4010; x_wconf 89' lang='lat' dir='ltr'><strong>thalas-</strong></span> 
     </span>
     <span class='ocr_line' id='line_1_34' title="bbox 337 4050 1511 4143; baseline -0.006 -21"><span class='ocrx_word' id='word_1_239' title='bbox 337 4060 449 4124; x_wconf 89' lang='lat' dir='ltr'><strong>sicust.</strong></span> <span class='ocrx_word' id='word_1_240' title='bbox 480 4056 524 4121; x_wconf 83' lang='lat' dir='ltr'><strong>Et</strong></span> <span class='ocrx_word' id='word_1_241' title='bbox 545 4058 736 4143; x_wconf 68' lang='lat' dir='ltr'><strong>patholatico,</strong></span> <span class='ocrx_word' id='word_1_242' title='bbox 759 4051 879 4118; x_wconf 89' lang='lat' dir='ltr'><strong>Pseud.</strong></span> <span class='ocrx_word' id='word_1_243' title='bbox 899 4053 1000 4119; x_wconf 79' lang='lat'>1275:</span> <span class='ocrx_word' id='word_1_244' title='bbox 1023 4050 1140 4117; x_wconf 89' lang='lat' dir='ltr'><strong>Postid</strong></span> <span class='ocrx_word' id='word_1_245' title='bbox 1155 4050 1354 4138; x_wconf 89' lang='lat' dir='ltr'><strong>palliolatim</strong></span> <span class='ocrx_word' id='word_1_246' title='bbox 1370 4055 1511 4117; x_wconf 89' lang='lat' dir='ltr'><strong>amictus</strong></span> 
     </span>
     <span class='ocr_line' id='line_1_35' title="bbox 336 4160 763 4229; baseline -0.012 -1"><span class='ocrx_word' id='word_1_247' title='bbox 336 4166 385 4229; x_wconf 86' lang='lat' dir='ltr'><strong>sic</strong></span> <span class='ocrx_word' id='word_1_248' title='bbox 408 4166 528 4228; x_wconf 90' lang='lat' dir='ltr'><strong>incessi</strong></span> <span class='ocrx_word' id='word_1_249' title='bbox 551 4160 763 4227; x_wconf 90' lang='lat' dir='ltr'><strong>ludibundus.</strong></span> 
     </span>
    </p>

    <p class='ocr_par' dir='ltr' id='par_1_15' title="bbox 422 4264 1509 4357">
     <span class='ocr_line' id='line_1_36' title="bbox 422 4264 1509 4357; baseline -0.008 -20"><span class='ocrx_word' id='word_1_250' title='bbox 422 4272 552 4357; x_wconf 76' lang='lat' dir='ltr'><strong>pullulo,</strong></span> <span class='ocrx_word' id='word_1_251' title='bbox 576 4270 674 4337; x_wconf 78' lang='lat' dir='ltr'><strong>Truc.</strong></span> <span class='ocrx_word' id='word_1_252' title='bbox 691 4269 753 4337; x_wconf 80' lang='lat'><strong>52:</strong></span> <span class='ocrx_word' id='word_1_253' title='bbox 777 4267 973 4352; x_wconf 87' lang='lat' dir='ltr'><strong>Priusquam</strong></span> <span class='ocrx_word' id='word_1_254' title='bbox 990 4288 1089 4331; x_wconf 90' lang='lat' dir='ltr'><strong>unum</strong></span> <span class='ocrx_word' id='word_1_255' title='bbox 1106 4264 1247 4349; x_wconf 90' lang='lat' dir='ltr'><strong>dederis,</strong></span> <span class='ocrx_word' id='word_1_256' title='bbox 1273 4271 1402 4331; x_wconf 88' lang='lat' dir='ltr'><strong>centum</strong></span> <span class='ocrx_word' id='word_1_257' title='bbox 1426 4284 1509 4349; x_wconf 87' lang='lat' dir='ltr'><strong>quae</strong></span> 
     </span>
    </p>
   </div>
   <div class='ocr_carea' id='block_1_7' title="bbox 1563 1909 1565 1926">
    <p class='ocr_par' dir='ltr' id='par_1_16' title="bbox 1563 1909 1565 1926">
     <span class='ocr_line' id='line_1_37' title="bbox 1563 1909 1565 1926; baseline 0 0"><span class='ocrx_word' id='word_1_258' title='bbox 1563 1909 1565 1926; x_wconf 84' lang='lat' dir='ltr'><strong>t</strong></span> 
     </span>
    </p>
   </div>
   <div class='ocr_carea' id='block_1_8' title="bbox 0 0 1593 4984">
    <p class='ocr_par' dir='ltr' id='par_1_17' title="bbox 0 0 1593 4984">
     <span class='ocr_line' id='line_1_38' title="bbox 0 0 1593 4984; baseline 0 0"><span class='ocrx_word' id='word_1_259' title='bbox 0 0 1593 4984; x_wconf 95' lang='lat' dir='ltr'><strong> </strong></span> 
     </span>
    </p>
   </div>
  </div>
 </body>
</html>
