<?xml version="1.0" encoding="UTF-8"?>
<!DOCTYPE html PUBLIC "-//W3C//DTD XHTML 1.0 Transitional//EN"
    "http://www.w3.org/TR/xhtml1/DTD/xhtml1-transitional.dtd">
<html xmlns="http://www.w3.org/1999/xhtml" xml:lang="en" lang="en">
 <head>
  <title>
</title>
<meta http-equiv="Content-Type" content="text/html;charset=utf-8" />
  <meta name='ocr-system' content='tesseract 3.04.00' />
  <meta name='ocr-capabilities' content='ocr_page ocr_carea ocr_par ocr_line ocrx_word'/>
</head>
<body>
  <div class='ocr_page' id='page_1' title='image "./dedeminutivispl00ryhigoog_0024.png"; bbox 0 0 3175 4984; ppageno 0'>
   <div class='ocr_carea' id='block_1_1' title="bbox 772 320 1017 389">
    <p class='ocr_par' dir='ltr' id='par_1_1' title="bbox 772 320 1017 389">
     <span class='ocr_line' id='line_1_1' title="bbox 772 320 1017 389; baseline 0.004 -1"><span class='ocrx_word' id='word_1_1' title='bbox 772 320 1017 389; x_wconf 44' lang='grc'>«1614-</span> 
     </span>
    </p>
   </div>
   <div class='ocr_carea' id='block_1_2' title="bbox 302 510 1575 4126">
    <p class='ocr_par' dir='ltr' id='par_1_2' title="bbox 308 510 1495 1028">
     <span class='ocr_line' id='line_1_2' title="bbox 308 510 1484 601; baseline 0.005 -25"><span class='ocrx_word' id='word_1_2' title='bbox 308 512 385 581; x_wconf 87' lang='grc'>15111.</span> <span class='ocrx_word' id='word_1_3' title='bbox 431 511 472 577; x_wconf 91' lang='lat' dir='ltr'><strong>In</strong></span> <span class='ocrx_word' id='word_1_4' title='bbox 504 511 554 577; x_wconf 88' lang='lat' dir='ltr'><strong>his</strong></span> <span class='ocrx_word' id='word_1_5' title='bbox 588 510 790 578; x_wconf 74' lang='lat' dir='ltr'><strong>carminibus</strong></span> <span class='ocrx_word' id='word_1_6' title='bbox 819 510 960 577; x_wconf 85' lang='lat' dir='ltr'><strong>Lettiois</strong></span> <span class='ocrx_word' id='word_1_7' title='bbox 991 512 1214 599; x_wconf 83' lang='lat' dir='ltr'><strong>popularibus,</strong></span> <span class='ocrx_word' id='word_1_8' title='bbox 1249 536 1333 601; x_wconf 91' lang='lat' dir='ltr'><strong>quae</strong></span> <span class='ocrx_word' id='word_1_9' title='bbox 1362 514 1484 582; x_wconf 85' lang='lat' dir='ltr'><strong>Doinos</strong></span> 
     </span>
     <span class='ocr_line' id='line_1_3' title="bbox 309 616 1483 703; baseline 0.007 -24"><span class='ocrx_word' id='word_1_10' title='bbox 309 625 476 703; x_wconf 79' lang='lat' dir='ltr'><strong>vocantur,</strong></span> <span class='ocrx_word' id='word_1_11' title='bbox 502 619 707 685; x_wconf 86' lang='lat' dir='ltr'><strong>omniafere</strong></span> <span class='ocrx_word' id='word_1_12' title='bbox 731 619 942 684; x_wconf 85' lang='lat' dir='ltr'><strong>substantiva</strong></span> <span class='ocrx_word' id='word_1_13' title='bbox 954 616 1201 693; x_wconf 79' lang='lat' dir='ltr'><strong>deminuuntur.</strong></span> <span class='ocrx_word' id='word_1_14' title='bbox 1240 621 1483 687; x_wconf 72' lang='grc'>1155151515-</span> 
     </span>
     <span class='ocr_line' id='line_1_4' title="bbox 308 720 1495 813; baseline 0.002 -21"><span class='ocrx_word' id='word_1_15' title='bbox 308 728 454 792; x_wconf 82' lang='grc'>55551515</span> <span class='ocrx_word' id='word_1_16' title='bbox 471 747 620 791; x_wconf 88' lang='grc'>5511115115</span> <span class='ocrx_word' id='word_1_17' title='bbox 638 723 768 791; x_wconf 85' lang='lat' dir='ltr'><strong>Graeco</strong></span> <span class='ocrx_word' id='word_1_18' title='bbox 792 723 998 790; x_wconf 86' lang='lat' dir='ltr'><strong>deminutiva</strong></span> <span class='ocrx_word' id='word_1_19' title='bbox 1021 747 1151 791; x_wconf 90' lang='lat' dir='ltr'><strong>omnem</strong></span> <span class='ocrx_word' id='word_1_20' title='bbox 1175 729 1241 791; x_wconf 89' lang='lat' dir='ltr'><strong>vim</strong></span> <span class='ocrx_word' id='word_1_21' title='bbox 1256 720 1495 813; x_wconf 63' lang='lat' dir='ltr'><strong>perdiderunt:⁴</strong></span> 
     </span>
     <span class='ocr_line' id='line_1_5' title="bbox 308 830 1481 921; baseline 0.003 -24"><span class='ocrx_word' id='word_1_22' title='bbox 308 833 397 898; x_wconf 78' lang='grc' dir='ltr'><strong><em>παιδί</em></strong></span> <span class='ocrx_word' id='word_1_23' title='bbox 420 830 546 899; x_wconf 77' lang='grc' dir='ltr'><em>παιδίον</em></span> <span class='ocrx_word' id='word_1_24' title='bbox 568 854 705 918; x_wconf 84' lang='lat' dir='ltr'><strong>puerum</strong></span> <span class='ocrx_word' id='word_1_25' title='bbox 729 837 761 895; x_wconf 86' lang='lat' dir='ltr'><strong>et</strong></span> <span class='ocrx_word' id='word_1_26' title='bbox 785 834 973 897; x_wconf 83' lang='lat' dir='ltr'><strong>ministrum</strong></span> <span class='ocrx_word' id='word_1_27' title='bbox 996 833 1049 898; x_wconf 93' lang='lat' dir='ltr'><strong>vel</strong></span> <span class='ocrx_word' id='word_1_28' title='bbox 1073 855 1186 899; x_wconf 85' lang='lat' dir='ltr'><strong>senem</strong></span> <span class='ocrx_word' id='word_1_29' title='bbox 1203 833 1375 920; x_wconf 86' lang='lat' dir='ltr'><strong>significat,</strong></span> <span class='ocrx_word' id='word_1_30' title='bbox 1398 835 1481 921; x_wconf 60' lang='lat' dir='ltr'><strong>sldpc</strong></span> 
     </span>
     <span class='ocr_line' id='line_1_6' title="bbox 309 938 973 1028; baseline -0.005 -23"><span class='ocrx_word' id='word_1_31' title='bbox 309 938 479 1028; x_wconf 61' lang='grc' dir='ltr'>(ὀψάριον)</span> <span class='ocrx_word' id='word_1_32' title='bbox 503 943 637 1026; x_wconf 79' lang='lat' dir='ltr'>piscem,</span> <span class='ocrx_word' id='word_1_33' title='bbox 662 961 725 1003; x_wconf 92' lang='lat' dir='ltr'><strong>uon</strong></span> <span class='ocrx_word' id='word_1_34' title='bbox 749 939 973 1024; x_wconf 81' lang='lat' dir='ltr'><strong>pisciculum).</strong></span> 
     </span>
    </p>

    <p class='ocr_par' dir='ltr' id='par_1_3' title="bbox 305 1044 1574 1559">
     <span class='ocr_line' id='line_1_7' title="bbox 399 1044 1481 1128; baseline -0.001 -16"><span class='ocrx_word' id='word_1_35' title='bbox 399 1048 537 1112; x_wconf 88' lang='lat' dir='ltr'><strong>Plautus</strong></span> <span class='ocrx_word' id='word_1_36' title='bbox 561 1066 638 1110; x_wconf 84' lang='lat' dir='ltr'><strong>vero</strong></span> <span class='ocrx_word' id='word_1_37' title='bbox 654 1044 716 1109; x_wconf 89' lang='lat' dir='ltr'><strong>hac</strong></span> <span class='ocrx_word' id='word_1_38' title='bbox 731 1066 812 1109; x_wconf 89' lang='lat' dir='ltr'><strong>voce</strong></span> <span class='ocrx_word' id='word_1_39' title='bbox 837 1047 966 1109; x_wconf 89' lang='lat' dir='ltr'><strong>nonnisi</strong></span> <span class='ocrx_word' id='word_1_40' title='bbox 983 1049 1116 1111; x_wconf 88' lang='lat' dir='ltr'><strong>notione</strong></span> <span class='ocrx_word' id='word_1_41' title='bbox 1133 1046 1223 1110; x_wconf 89' lang='lat' dir='ltr'><strong>Kuss</strong></span> <span class='ocrx_word' id='word_1_42' title='bbox 1242 1068 1322 1111; x_wconf 88' lang='lat' dir='ltr'><strong>usus</strong></span> <span class='ocrx_word' id='word_1_43' title='bbox 1345 1052 1407 1128; x_wconf 87' lang='lat' dir='ltr'><strong>est,</strong></span> <span class='ocrx_word' id='word_1_44' title='bbox 1432 1050 1481 1111; x_wconf 87' lang='lat' dir='ltr'><strong>ita</strong></span> 
     </span>
     <span class='ocr_line' id='line_1_8' title="bbox 305 1149 1574 1240; baseline -0.001 -21"><span class='ocrx_word' id='word_1_45' title='bbox 305 1157 341 1219; x_wconf 90' lang='lat' dir='ltr'><strong>in</strong></span> <span class='ocrx_word' id='word_1_46' title='bbox 364 1151 461 1240; x_wconf 80' lang='lat' dir='ltr'><strong>Epid.</strong></span> <span class='ocrx_word' id='word_1_47' title='bbox 491 1153 554 1218; x_wconf 88' lang='grc'><strong>571</strong></span> <span class='ocrx_word' id='word_1_48' title='bbox 580 1173 648 1236; x_wconf 90' lang='lat' dir='ltr'>sqq.</span> <span class='ocrx_word' id='word_1_49' title='bbox 696 1149 800 1217; x_wconf 87' lang='lat' dir='ltr'><strong>Stich.</strong></span> <span class='ocrx_word' id='word_1_50' title='bbox 830 1151 873 1215; x_wconf 77' lang='lat'><strong>89</strong></span> <span class='ocrx_word' id='word_1_51' title='bbox 902 1173 971 1236; x_wconf 89' lang='lat' dir='ltr'><strong>sqq.</strong></span> <span class='ocrx_word' id='word_1_52' title='bbox 1027 1150 1185 1217; x_wconf 79' lang='lat' dir='ltr'><strong>Germani</strong></span> <span class='ocrx_word' id='word_1_53' title='bbox 1217 1161 1336 1240; x_wconf 86' lang='lat' dir='ltr'><strong>poetae</strong></span> <span class='ocrx_word' id='word_1_54' title='bbox 1367 1160 1481 1220; x_wconf 88' lang='lat' dir='ltr'><strong>tamen</strong></span> <span class='ocrx_word' id='word_1_55' title='bbox 1573 1237 1574 1240; x_wconf 8' lang='grc' dir='ltr'><strong>Ἴ</strong></span> 
     </span>
     <span class='ocr_line' id='line_1_9' title="bbox 307 1247 1574 1347; baseline 0.001 -23"><span class='ocrx_word' id='word_1_56' title='bbox 307 1260 504 1326; x_wconf 89' lang='lat' dir='ltr'><strong>Maeulchen</strong></span> <span class='ocrx_word' id='word_1_57' title='bbox 527 1265 562 1323; x_wconf 87' lang='lat' dir='ltr'><strong>et</strong></span> <span class='ocrx_word' id='word_1_58' title='bbox 584 1279 641 1344; x_wconf 86' lang='lat' dir='ltr'><strong>pvo</strong></span> <span class='ocrx_word' id='word_1_59' title='bbox 657 1258 747 1323; x_wconf 86' lang='lat' dir='ltr'><strong>Kuss</strong></span> <span class='ocrx_word' id='word_1_60' title='bbox 763 1256 887 1322; x_wconf 89' lang='lat' dir='ltr'><strong>dicunt.</strong></span> <span class='ocrx_word' id='word_1_61' title='bbox 920 1258 975 1323; x_wconf 83' lang='lat' dir='ltr'><strong>lta</strong></span> <span class='ocrx_word' id='word_1_62' title='bbox 998 1260 1031 1321; x_wconf 91' lang='lat' dir='ltr'><strong>in</strong></span> <span class='ocrx_word' id='word_1_63' title='bbox 1048 1258 1215 1344; x_wconf 87' lang='lat' dir='ltr'><strong>Lessingii</strong></span> <span class='ocrx_word' id='word_1_64' title='bbox 1228 1257 1317 1347; x_wconf 89' lang='grc'>(1.5.)</span> <span class='ocrx_word' id='word_1_65' title='bbox 1342 1259 1483 1347; x_wconf 86' lang='lat' dir='ltr'><strong>epistola</strong></span> <span class='ocrx_word' id='word_1_66' title='bbox 1573 1247 1574 1252; x_wconf 8' lang='grc' dir='ltr'>ἵ</span> 
     </span>
     <span class='ocr_line' id='line_1_10' title="bbox 306 1363 1482 1439; baseline -0.002 -7"><span class='ocrx_word' id='word_1_67' title='bbox 306 1369 473 1432; x_wconf 84' lang='lat' dir='ltr'><strong>tricesima</strong></span> <span class='ocrx_word' id='word_1_68' title='bbox 502 1363 646 1431; x_wconf 87' lang='lat' dir='ltr'><strong>secunda</strong></span> <span class='ocrx_word' id='word_1_69' title='bbox 669 1370 777 1430; x_wconf 85' lang='lat' dir='ltr'><strong>exstat</strong></span> <span class='ocrx_word' id='word_1_70' title='bbox 810 1385 941 1439; x_wconf 81' lang='lat' dir='ltr'><strong>carmen</strong></span> <span class='ocrx_word' id='word_1_71' title='bbox 970 1363 1010 1429; x_wconf 91' lang='lat' dir='ltr'><strong>de</strong></span> <span class='ocrx_word' id='word_1_72' title='bbox 1035 1364 1160 1430; x_wconf 87' lang='lat' dir='ltr'><strong>Gratiis</strong></span> <span class='ocrx_word' id='word_1_73' title='bbox 1194 1366 1287 1431; x_wconf 88' lang='lat' dir='ltr'><strong>cuius</strong></span> <span class='ocrx_word' id='word_1_74' title='bbox 1319 1369 1352 1429; x_wconf 92' lang='lat' dir='ltr'><strong>in</strong></span> <span class='ocrx_word' id='word_1_75' title='bbox 1386 1388 1482 1432; x_wconf 86' lang='lat' dir='ltr'><strong>versu</strong></span> 
     </span>
     <span class='ocr_line' id='line_1_11' title="bbox 306 1474 537 1559; baseline -0.022 -20"><span class='ocrx_word' id='word_1_76' title='bbox 306 1474 350 1539; x_wconf 83' lang='lat'><strong>24</strong></span> <span class='ocrx_word' id='word_1_77' title='bbox 373 1474 537 1559; x_wconf 84' lang='lat' dir='ltr'><strong>legimus:</strong></span> 
     </span>
    </p>

    <p class='ocr_par' dir='ltr' id='par_1_4' title="bbox 305 1576 1477 1751">
     <span class='ocr_line' id='line_1_12' title="bbox 393 1576 1477 1664; baseline -0.002 -19"><span class='ocrx_word' id='word_1_78' title='bbox 393 1578 485 1645; x_wconf 82' lang='lat' dir='ltr'><strong>Jetct</strong></span> <span class='ocrx_word' id='word_1_79' title='bbox 507 1578 574 1664; x_wconf 83' lang='lat' dir='ltr'><strong>hog</strong></span> <span class='ocrx_word' id='word_1_80' title='bbox 596 1578 649 1645; x_wconf 93' lang='lat' dir='ltr'><strong>ich</strong></span> <span class='ocrx_word' id='word_1_81' title='bbox 674 1579 786 1644; x_wconf 87' lang='lat' dir='ltr'><strong>schlau</strong></span> <span class='ocrx_word' id='word_1_82' title='bbox 810 1599 854 1641; x_wconf 91' lang='lat' dir='ltr'><strong>an</strong></span> <span class='ocrx_word' id='word_1_83' title='bbox 876 1576 980 1641; x_wconf 87' lang='lat' dir='ltr'><strong>ihvem</strong></span> <span class='ocrx_word' id='word_1_84' title='bbox 1004 1576 1088 1642; x_wconf 86' lang='lat' dir='ltr'><strong>Hals</strong></span> <span class='ocrx_word' id='word_1_85' title='bbox 1112 1577 1197 1642; x_wconf 89' lang='lat' dir='ltr'><strong>mich</strong></span> <span class='ocrx_word' id='word_1_86' title='bbox 1221 1576 1372 1663; x_wconf 83' lang='lat' dir='ltr'><strong>langsam</strong></span> <span class='ocrx_word' id='word_1_87' title='bbox 1396 1579 1477 1644; x_wconf 82' lang='grc'>11551</span> 
     </span>
     <span class='ocr_line' id='line_1_13' title="bbox 305 1683 1080 1751; baseline -0.005 0"><span class='ocrx_word' id='word_1_88' title='bbox 305 1686 374 1751; x_wconf 91' lang='lat' dir='ltr'><strong>und</strong></span> <span class='ocrx_word' id='word_1_89' title='bbox 398 1685 484 1751; x_wconf 86' lang='lat' dir='ltr'><strong>stahl</strong></span> <span class='ocrx_word' id='word_1_90' title='bbox 508 1686 559 1749; x_wconf 90' lang='grc'><strong>151</strong></span> <span class='ocrx_word' id='word_1_91' title='bbox 582 1684 706 1751; x_wconf 88' lang='lat' dir='ltr'><strong>schnell</strong></span> <span class='ocrx_word' id='word_1_92' title='bbox 732 1688 783 1748; x_wconf 91' lang='lat' dir='ltr'><strong>ein</strong></span> <span class='ocrx_word' id='word_1_93' title='bbox 808 1684 1002 1749; x_wconf 89' lang='lat' dir='ltr'><strong>Maeulchen</strong></span> <span class='ocrx_word' id='word_1_94' title='bbox 1027 1683 1080 1748; x_wconf 88' lang='lat' dir='ltr'><strong>ab.</strong></span> 
     </span>
    </p>

    <p class='ocr_par' dir='ltr' id='par_1_5' title="bbox 303 1789 1478 2193">
     <span class='ocr_line' id='line_1_14' title="bbox 389 1789 1478 1881; baseline -0.002 -21"><span class='ocrx_word' id='word_1_95' title='bbox 389 1796 522 1881; x_wconf 78' lang='lat' dir='ltr'><strong>pupillo,</strong></span> <span class='ocrx_word' id='word_1_96' title='bbox 545 1792 762 1875; x_wconf 82' lang='lat' dir='ltr'><strong>Bvustvvarce,</strong></span> <span class='ocrx_word' id='word_1_97' title='bbox 785 1812 806 1854; x_wconf 92' lang='lat' dir='ltr'><strong>a</strong></span> <span class='ocrx_word' id='word_1_98' title='bbox 821 1789 943 1876; x_wconf 88' lang='lat' dir='ltr'><strong>papula</strong></span> <span class='ocrx_word' id='word_1_99' title='bbox 958 1797 997 1854; x_wconf 84' lang='lat' dir='ltr'><strong>ut</strong></span> <span class='ocrx_word' id='word_1_100' title='bbox 1012 1790 1097 1855; x_wconf 85' lang='lat' dir='ltr'><strong>Paul</strong></span> <span class='ocrx_word' id='word_1_101' title='bbox 1113 1789 1205 1859; x_wconf 83' lang='lat' dir='ltr'><strong>Fest.</strong></span> <span class='ocrx_word' id='word_1_102' title='bbox 1223 1814 1253 1877; x_wconf 89' lang='lat' dir='ltr'><strong>p.</strong></span> <span class='ocrx_word' id='word_1_103' title='bbox 1271 1790 1337 1855; x_wconf 78' lang='lat'><strong>220</strong></span> <span class='ocrx_word' id='word_1_104' title='bbox 1361 1789 1478 1858; x_wconf 83' lang='lat' dir='ltr'><strong>docet:</strong></span> 
     </span>
     <span class='ocr_line' id='line_1_15' title="bbox 306 1896 1478 1986; baseline -0.003 -22"><span class='ocrx_word' id='word_1_105' title='bbox 306 1900 453 1986; x_wconf 84' lang='lat' dir='ltr'><strong>Papillae</strong></span> <span class='ocrx_word' id='word_1_106' title='bbox 478 1898 625 1985; x_wconf 85' lang='lat' dir='ltr'><strong>capitula</strong></span> <span class='ocrx_word' id='word_1_107' title='bbox 648 1919 861 1962; x_wconf 81' lang='lat' dir='ltr'><strong>mammarum</strong></span> <span class='ocrx_word' id='word_1_108' title='bbox 885 1896 1006 1973; x_wconf 89' lang='lat' dir='ltr'><strong>diotae,</strong></span> <span class='ocrx_word' id='word_1_109' title='bbox 1031 1897 1116 1980; x_wconf 88' lang='lat' dir='ltr'><strong>quod</strong></span> <span class='ocrx_word' id='word_1_110' title='bbox 1141 1897 1333 1983; x_wconf 84' lang='lat' dir='ltr'><strong>papularum</strong></span> <span class='ocrx_word' id='word_1_111' title='bbox 1351 1900 1418 1963; x_wconf 88' lang='lat' dir='ltr'><strong>sint</strong></span> <span class='ocrx_word' id='word_1_112' title='bbox 1438 1901 1478 1961; x_wconf 90' lang='lat' dir='ltr'><strong>si·</strong></span> 
     </span>
     <span class='ocr_line' id='line_1_16' title="bbox 303 2002 1477 2091; baseline -0.002 -21"><span class='ocrx_word' id='word_1_113' title='bbox 303 2008 409 2075; x_wconf 85' lang='lat' dir='ltr'><strong>miles.</strong></span> <span class='ocrx_word' id='word_1_114' title='bbox 443 2003 573 2071; x_wconf 81' lang='lat' dir='ltr'><strong>Deinde</strong></span> <span class='ocrx_word' id='word_1_115' title='bbox 589 2025 749 2069; x_wconf 88' lang='lat' dir='ltr'><strong>mammae</strong></span> <span class='ocrx_word' id='word_1_116' title='bbox 767 2006 930 2068; x_wconf 86' lang='lat' dir='ltr'><strong>notionem</strong></span> <span class='ocrx_word' id='word_1_117' title='bbox 946 2002 1057 2068; x_wconf 88' lang='lat' dir='ltr'><strong>habet.</strong></span> <span class='ocrx_word' id='word_1_118' title='bbox 1083 2003 1243 2091; x_wconf 82' lang='lat' dir='ltr'><strong>Exempla</strong></span> <span class='ocrx_word' id='word_1_119' title='bbox 1260 2002 1362 2067; x_wconf 87' lang='lat' dir='ltr'><strong>habes</strong></span> <span class='ocrx_word' id='word_1_120' title='bbox 1379 2004 1477 2070; x_wconf 89' lang='lat' dir='ltr'><strong>haec:</strong></span> 
     </span>
     <span class='ocr_line' id='line_1_17' title="bbox 306 2110 958 2193; baseline -0.009 -14"><span class='ocrx_word' id='word_1_121' title='bbox 306 2116 400 2179; x_wconf 87' lang='lat' dir='ltr'><strong>Asin.</strong></span> <span class='ocrx_word' id='word_1_122' title='bbox 424 2112 507 2193; x_wconf 76' lang='lat'><strong>2243</strong></span> <span class='ocrx_word' id='word_1_123' title='bbox 533 2112 605 2177; x_wconf 83' lang='lat' dir='ltr'><strong>(las.</strong></span> <span class='ocrx_word' id='word_1_124' title='bbox 632 2112 715 2193; x_wconf 84' lang='lat'>848;</span> <span class='ocrx_word' id='word_1_125' title='bbox 740 2110 859 2175; x_wconf 87' lang='lat' dir='ltr'><strong>Bacch.</strong></span> <span class='ocrx_word' id='word_1_126' title='bbox 883 2111 958 2177; x_wconf 87' lang='lat'>480.</span> 
     </span>
    </p>

    <p class='ocr_par' dir='ltr' id='par_1_6' title="bbox 302 2214 1575 2624">
     <span class='ocr_line' id='line_1_18' title="bbox 388 2214 1476 2309; baseline -0.007 -20"><span class='ocrx_word' id='word_1_127' title='bbox 388 2224 523 2309; x_wconf 77' lang='lat' dir='ltr'><strong>postule,</strong></span> <span class='ocrx_word' id='word_1_128' title='bbox 539 2219 716 2307; x_wconf 86' lang='lat' dir='ltr'><strong>postulatio</strong></span> <span class='ocrx_word' id='word_1_129' title='bbox 732 2216 919 2295; x_wconf 84' lang='lat' dir='ltr'><strong>verlangen.</strong></span> <span class='ocrx_word' id='word_1_130' title='bbox 952 2215 1071 2280; x_wconf 89' lang='lat' dir='ltr'><strong>Pseud.</strong></span> <span class='ocrx_word' id='word_1_131' title='bbox 1090 2217 1164 2283; x_wconf 88' lang='grc'><strong>101.</strong></span> <span class='ocrx_word' id='word_1_132' title='bbox 1189 2215 1263 2282; x_wconf 80' lang='lat' dir='ltr'><strong>(las.</strong></span> <span class='ocrx_word' id='word_1_133' title='bbox 1280 2214 1346 2281; x_wconf 91' lang='grc'><strong>556</strong></span> <span class='ocrx_word' id='word_1_134' title='bbox 1367 2237 1476 2302; x_wconf 87' lang='lat' dir='ltr'><strong>saepe.</strong></span> 
     </span>
     <span class='ocr_line' id='line_1_19' title="bbox 303 2321 1575 2413; baseline -0.007 -20"><span class='ocrx_word' id='word_1_135' title='bbox 303 2328 460 2412; x_wconf 86' lang='lat' dir='ltr'><strong>Plerique</strong></span> <span class='ocrx_word' id='word_1_136' title='bbox 485 2328 574 2391; x_wconf 90' lang='lat' dir='ltr'><strong>vocis</strong></span> <span class='ocrx_word' id='word_1_137' title='bbox 598 2347 708 2413; x_wconf 88' lang='lat' dir='ltr'><strong>posco,</strong></span> <span class='ocrx_word' id='word_1_138' title='bbox 732 2331 863 2411; x_wconf 86' lang='lat' dir='ltr'><strong>postum</strong></span> <span class='ocrx_word' id='word_1_139' title='bbox 888 2322 1126 2389; x_wconf 82' lang='lat' dir='ltr'><strong>deminutivum</strong></span> <span class='ocrx_word' id='word_1_140' title='bbox 1142 2343 1214 2387; x_wconf 88' lang='lat' dir='ltr'><strong>esse</strong></span> <span class='ocrx_word' id='word_1_141' title='bbox 1231 2321 1377 2406; x_wconf 82' lang='lat' dir='ltr'><strong>creduut,</strong></span> <span class='ocrx_word' id='word_1_142' title='bbox 1402 2321 1477 2387; x_wconf 90' lang='lat' dir='ltr'><strong>Ost·</strong></span> <span class='ocrx_word' id='word_1_143' title='bbox 1573 2395 1575 2400; x_wconf 23' lang='lat'><strong>¹</strong></span> 
     </span>
     <span class='ocr_line' id='line_1_20' title="bbox 302 2415 1575 2519; baseline -0.005 -20"><span class='ocrx_word' id='word_1_144' title='bbox 302 2434 448 2519; x_wconf 86' lang='lat' dir='ltr'><strong>hoffius¹)</strong></span> <span class='ocrx_word' id='word_1_145' title='bbox 483 2454 558 2498; x_wconf 89' lang='lat' dir='ltr'><strong>vero</strong></span> <span class='ocrx_word' id='word_1_146' title='bbox 591 2432 872 2497; x_wconf 89' lang='lat' dir='ltr'><strong>denominativum</strong></span> <span class='ocrx_word' id='word_1_147' title='bbox 905 2451 978 2495; x_wconf 90' lang='lat' dir='ltr'><strong>esse</strong></span> <span class='ocrx_word' id='word_1_148' title='bbox 1010 2429 1221 2517; x_wconf 73' lang='lat' dir='ltr'><strong>*pos-tulum</strong></span> <span class='ocrx_word' id='word_1_149' title='bbox 1257 2432 1357 2509; x_wconf 91' lang='lat' dir='ltr'><strong>vocis,</strong></span> <span class='ocrx_word' id='word_1_150' title='bbox 1393 2450 1477 2515; x_wconf 89' lang='lat' dir='ltr'><strong>quae</strong></span> <span class='ocrx_word' id='word_1_151' title='bbox 1573 2415 1575 2442; x_wconf 77' lang='lat'><strong>¹</strong></span> 
     </span>
     <span class='ocr_line' id='line_1_21' title="bbox 304 2535 1078 2624; baseline -0.01 -16"><span class='ocrx_word' id='word_1_152' title='bbox 304 2541 460 2608; x_wconf 83' lang='lat' dir='ltr'><strong>Oscorum</strong></span> <span class='ocrx_word' id='word_1_153' title='bbox 487 2540 600 2623; x_wconf 84' lang='lat' dir='ltr'><strong>lingua</strong></span> <span class='ocrx_word' id='word_1_154' title='bbox 623 2536 790 2624; x_wconf 80' lang='lat' dir='ltr'><strong>pes-tlom</strong></span> <span class='ocrx_word' id='word_1_155' title='bbox 816 2535 948 2614; x_wconf 84' lang='lat' dir='ltr'><strong>dieitur,</strong></span> <span class='ocrx_word' id='word_1_156' title='bbox 972 2543 1078 2621; x_wconf 89' lang='lat' dir='ltr'><strong>putat.</strong></span> 
     </span>
    </p>

    <p class='ocr_par' dir='ltr' id='par_1_7' title="bbox 306 2642 1476 2837">
     <span class='ocr_line' id='line_1_22' title="bbox 388 2642 1476 2736; baseline -0.01 -21"><span class='ocrx_word' id='word_1_157' title='bbox 388 2649 502 2736; x_wconf 80' lang='lat' dir='ltr'><strong>puello,</strong></span> <span class='ocrx_word' id='word_1_158' title='bbox 526 2644 699 2727; x_wconf 79' lang='lat' dir='ltr'><strong>M‘adcheu,</strong></span> <span class='ocrx_word' id='word_1_159' title='bbox 735 2664 845 2728; x_wconf 90' lang='lat' dir='ltr'><strong>saepe,</strong></span> <span class='ocrx_word' id='word_1_160' title='bbox 882 2663 1025 2728; x_wconf 87' lang='lat' dir='ltr'><strong>apuera</strong></span> <span class='ocrx_word' id='word_1_161' title='bbox 1047 2642 1188 2706; x_wconf 85' lang='lat' dir='ltr'><strong>formata</strong></span> <span class='ocrx_word' id='word_1_162' title='bbox 1213 2647 1265 2705; x_wconf 89' lang='lat' dir='ltr'><strong>est</strong></span> <span class='ocrx_word' id='word_1_163' title='bbox 1281 2664 1355 2721; x_wconf 82' lang='lat' dir='ltr'><strong>vox,</strong></span> <span class='ocrx_word' id='word_1_164' title='bbox 1379 2663 1476 2725; x_wconf 90' lang='lat' dir='ltr'><strong>quam</strong></span> 
     </span>
     <span class='ocr_line' id='line_1_23' title="bbox 306 2747 895 2837; baseline -0.019 -15"><span class='ocrx_word' id='word_1_165' title='bbox 306 2756 398 2823; x_wconf 88' lang='lat' dir='ltr'><strong>offert</strong></span> <span class='ocrx_word' id='word_1_166' title='bbox 423 2755 568 2820; x_wconf 77' lang='lat' dir='ltr'><strong>&#39;Pit-iuius</strong></span> <span class='ocrx_word' id='word_1_167' title='bbox 593 2774 673 2817; x_wconf 90' lang='lat' dir='ltr'><strong>com.</strong></span> <span class='ocrx_word' id='word_1_168' title='bbox 698 2751 742 2817; x_wconf 89' lang='grc'><strong>50</strong></span> <span class='ocrx_word' id='word_1_169' title='bbox 766 2747 895 2837; x_wconf 86' lang='lat' dir='ltr'><strong>(Ribb.)</strong></span> 
     </span>
    </p>

    <p class='ocr_par' dir='ltr' id='par_1_8' title="bbox 302 2853 1574 3249">
     <span class='ocr_line' id='line_1_24' title="bbox 392 2853 1475 2946; baseline -0.015 -14"><span class='ocrx_word' id='word_1_170' title='bbox 392 2866 530 2946; x_wconf 82' lang='lat' dir='ltr'><strong>scintilla,</strong></span> <span class='ocrx_word' id='word_1_171' title='bbox 555 2859 708 2932; x_wconf 80' lang='lat' dir='ltr'><strong>scintille,</strong></span> <span class='ocrx_word' id='word_1_172' title='bbox 732 2856 859 2937; x_wconf 81' lang='lat' dir='ltr'><strong>Funke,</strong></span> <span class='ocrx_word' id='word_1_173' title='bbox 890 2855 1036 2940; x_wconf 87' lang='lat' dir='ltr'><strong>funkeln‚</strong></span> <span class='ocrx_word' id='word_1_174' title='bbox 1068 2855 1158 2920; x_wconf 80' lang='lat' dir='ltr'><strong>Trin.</strong></span> <span class='ocrx_word' id='word_1_175' title='bbox 1183 2855 1258 2937; x_wconf 72' lang='grc'><strong>679,</strong></span> <span class='ocrx_word' id='word_1_176' title='bbox 1289 2854 1375 2918; x_wconf 85' lang='lat' dir='ltr'><strong>Men.</strong></span> <span class='ocrx_word' id='word_1_177' title='bbox 1400 2853 1475 2919; x_wconf 78' lang='lat'><strong>829.</strong></span> 
     </span>
     <span class='ocr_line' id='line_1_25' title="bbox 303 2959 1574 3055; baseline -0.009 -20"><span class='ocrx_word' id='word_1_178' title='bbox 303 2970 439 3055; x_wconf 89' lang='lat' dir='ltr'><strong>Aliquid</strong></span> <span class='ocrx_word' id='word_1_179' title='bbox 462 2968 659 3035; x_wconf 87' lang='lat' dir='ltr'><strong>deminutivi</strong></span> <span class='ocrx_word' id='word_1_180' title='bbox 682 2968 769 3030; x_wconf 88' lang='lat' dir='ltr'><strong>inest</strong></span> <span class='ocrx_word' id='word_1_181' title='bbox 791 2964 842 3029; x_wconf 91' lang='lat' dir='ltr'><strong>vel</strong></span> <span class='ocrx_word' id='word_1_182' title='bbox 865 2966 975 3029; x_wconf 87' lang='lat' dir='ltr'><strong>inerat</strong></span> <span class='ocrx_word' id='word_1_183' title='bbox 997 2964 1072 3029; x_wconf 90' lang='lat' dir='ltr'><strong>huic</strong></span> <span class='ocrx_word' id='word_1_184' title='bbox 1094 2964 1178 3046; x_wconf 88' lang='lat' dir='ltr'><strong>voci,</strong></span> <span class='ocrx_word' id='word_1_185' title='bbox 1212 2982 1296 3046; x_wconf 92' lang='lat' dir='ltr'><strong>quae</strong></span> <span class='ocrx_word' id='word_1_186' title='bbox 1327 2959 1475 3025; x_wconf 88' lang='lat' dir='ltr'><strong>eiusdem</strong></span> <span class='ocrx_word' id='word_1_187' title='bbox 1572 2991 1574 2998; x_wconf 95' lang='lat'>·</span> 
     </span>
     <span class='ocr_line' id='line_1_26' title="bbox 304 3070 1574 3164; baseline -0.009 -23"><span class='ocrx_word' id='word_1_188' title='bbox 304 3079 418 3164; x_wconf 85' lang='lat' dir='ltr'><strong>stirpis</strong></span> <span class='ocrx_word' id='word_1_189' title='bbox 442 3083 494 3141; x_wconf 88' lang='lat' dir='ltr'><strong>est</strong></span> <span class='ocrx_word' id='word_1_190' title='bbox 517 3082 614 3160; x_wconf 87' lang='lat' dir='ltr'><strong>atque</strong></span> <span class='ocrx_word' id='word_1_191' title='bbox 639 3071 794 3161; x_wconf 76' lang='grc' dir='ltr'><em>σπινθ-ήρ</em></span> <span class='ocrx_word' id='word_1_192' title='bbox 817 3079 940 3137; x_wconf 87' lang='lat' dir='ltr'><strong>tamem</strong></span> <span class='ocrx_word' id='word_1_193' title='bbox 965 3091 1038 3136; x_wconf 91' lang='lat' dir='ltr'><strong>cum</strong></span> <span class='ocrx_word' id='word_1_194' title='bbox 1061 3071 1233 3158; x_wconf 87' lang='lat' dir='ltr'><strong>primitivo</strong></span> <span class='ocrx_word' id='word_1_195' title='bbox 1257 3075 1380 3148; x_wconf 80' lang='lat' dir='ltr'><strong>careat,</strong></span> <span class='ocrx_word' id='word_1_196' title='bbox 1408 3070 1478 3131; x_wconf 86' lang='lat' dir='ltr'><strong>iure</strong></span> <span class='ocrx_word' id='word_1_197' title='bbox 1572 3109 1574 3138; x_wconf 59' lang='grc'>;</span> 
     </span>
     <span class='ocr_line' id='line_1_27' title="bbox 302 3181 488 3249; baseline -0.011 -1"><span class='ocrx_word' id='word_1_198' title='bbox 302 3185 356 3249; x_wconf 87' lang='grc'><strong>515</strong></span> <span class='ocrx_word' id='word_1_199' title='bbox 380 3181 488 3247; x_wconf 88' lang='lat' dir='ltr'><strong>attuli.</strong></span> 
     </span>
    </p>

    <p class='ocr_par' dir='ltr' id='par_1_9' title="bbox 304 3278 1479 3475">
     <span class='ocr_line' id='line_1_28' title="bbox 393 3278 1479 3373; baseline -0.015 -15"><span class='ocrx_word' id='word_1_200' title='bbox 393 3292 493 3373; x_wconf 82' lang='grc'>515115,</span> <span class='ocrx_word' id='word_1_201' title='bbox 524 3288 647 3372; x_wconf 83' lang='lat' dir='ltr'><strong>Eimsr,</strong></span> <span class='ocrx_word' id='word_1_202' title='bbox 681 3285 890 3354; x_wconf 81' lang='lat' dir='ltr'><strong>Stimmume.</strong></span> <span class='ocrx_word' id='word_1_203' title='bbox 936 3282 1058 3369; x_wconf 88' lang='lat' dir='ltr'><strong>Amph.</strong></span> <span class='ocrx_word' id='word_1_204' title='bbox 1083 3283 1160 3349; x_wconf 86' lang='grc'>671.</span> <span class='ocrx_word' id='word_1_205' title='bbox 1206 3278 1281 3345; x_wconf 81' lang='lat' dir='ltr'><strong>Cas.</strong></span> <span class='ocrx_word' id='word_1_206' title='bbox 1306 3279 1371 3345; x_wconf 82' lang='lat'><strong>359</strong></span> <span class='ocrx_word' id='word_1_207' title='bbox 1402 3300 1479 3343; x_wconf 91' lang='lat' dir='ltr'><strong>num</strong></span> 
     </span>
     <span class='ocr_line' id='line_1_29' title="bbox 304 3393 825 3475; baseline -0.012 -12"><span class='ocrx_word' id='word_1_208' title='bbox 304 3400 348 3465; x_wconf 88' lang='lat' dir='ltr'><strong>sit</strong></span> <span class='ocrx_word' id='word_1_209' title='bbox 372 3396 618 3475; x_wconf 78' lang='lat' dir='ltr'><strong>deminutivum,</strong></span> <span class='ocrx_word' id='word_1_210' title='bbox 645 3393 825 3459; x_wconf 87' lang='lat' dir='ltr'><strong>dubitatur.</strong></span> 
     </span>
    </p>

    <p class='ocr_par' dir='ltr' id='par_1_10' title="bbox 302 3479 1574 3805">
     <span class='ocr_line' id='line_1_30' title="bbox 392 3479 1574 3587; baseline -0.015 -16"><span class='ocrx_word' id='word_1_211' title='bbox 392 3507 488 3587; x_wconf 83' lang='lat' dir='ltr'><strong>stello,</strong></span> <span class='ocrx_word' id='word_1_212' title='bbox 512 3502 622 3583; x_wconf 86' lang='lat' dir='ltr'><strong>Stern,</strong></span> <span class='ocrx_word' id='word_1_213' title='bbox 646 3501 733 3564; x_wconf 90' lang='lat' dir='ltr'><strong>Men.</strong></span> <span class='ocrx_word' id='word_1_214' title='bbox 754 3500 827 3581; x_wconf 89' lang='grc'>175,</span> <span class='ocrx_word' id='word_1_215' title='bbox 852 3498 956 3562; x_wconf 87' lang='lat' dir='ltr'><strong>Poeu.</strong></span> <span class='ocrx_word' id='word_1_216' title='bbox 981 3497 1057 3561; x_wconf 83' lang='lat'><strong>434.</strong></span> <span class='ocrx_word' id='word_1_217' title='bbox 1103 3495 1136 3561; x_wconf 82' lang='lat' dir='ltr'>A</span> <span class='ocrx_word' id='word_1_218' title='bbox 1159 3495 1262 3580; x_wconf 83' lang='lat' dir='ltr'><strong>stirpe</strong></span> <span class='ocrx_word' id='word_1_219' title='bbox 1284 3499 1353 3559; x_wconf 85' lang='lat' dir='ltr'><strong>ster</strong></span> <span class='ocrx_word' id='word_1_220' title='bbox 1376 3489 1479 3579; x_wconf 81' lang='grc' dir='ltr'><em>ἀστήρ</em></span> <span class='ocrx_word' id='word_1_221' title='bbox 1571 3479 1574 3506; x_wconf 73' lang='lat'><strong>²</strong></span> 
     </span>
     <span class='ocr_line' id='line_1_31' title="bbox 302 3599 1479 3693; baseline -0.014 -15"><span class='ocrx_word' id='word_1_222' title='bbox 302 3614 476 3679; x_wconf 78' lang='lat' dir='ltr'><strong>formatum</strong></span> <span class='ocrx_word' id='word_1_223' title='bbox 496 3617 548 3674; x_wconf 88' lang='lat' dir='ltr'><strong>est</strong></span> <span class='ocrx_word' id='word_1_224' title='bbox 565 3608 799 3673; x_wconf 81' lang='lat' dir='ltr'><strong>deminutivum</strong></span> <span class='ocrx_word' id='word_1_225' title='bbox 816 3609 950 3693; x_wconf 84' lang='lat' dir='ltr'><strong>propter</strong></span> <span class='ocrx_word' id='word_1_226' title='bbox 966 3605 1177 3690; x_wconf 85' lang='lat' dir='ltr'><strong>parvitatem.</strong></span> <span class='ocrx_word' id='word_1_227' title='bbox 1217 3601 1343 3665; x_wconf 77' lang='lat' dir='ltr'><strong>Tamen</strong></span> <span class='ocrx_word' id='word_1_228' title='bbox 1364 3599 1479 3663; x_wconf 87' lang='lat' dir='ltr'><strong>Plauti</strong></span> 
     </span>
     <span class='ocr_line' id='line_1_32' title="bbox 302 3712 1222 3805; baseline -0.01 -20"><span class='ocrx_word' id='word_1_229' title='bbox 302 3715 505 3805; x_wconf 80' lang='lat' dir='ltr'><strong>temporibus</strong></span> <span class='ocrx_word' id='word_1_230' title='bbox 530 3717 578 3780; x_wconf 87' lang='lat' dir='ltr'><strong>vis</strong></span> <span class='ocrx_word' id='word_1_231' title='bbox 603 3714 807 3779; x_wconf 88' lang='lat' dir='ltr'><strong>deminutiva</strong></span> <span class='ocrx_word' id='word_1_232' title='bbox 830 3714 904 3778; x_wconf 88' lang='lat' dir='ltr'><strong>voci</strong></span> <span class='ocrx_word' id='word_1_233' title='bbox 928 3733 990 3775; x_wconf 90' lang='lat' dir='ltr'><strong>non</strong></span> <span class='ocrx_word' id='word_1_234' title='bbox 1015 3713 1080 3774; x_wconf 92' lang='lat' dir='ltr'><strong>iam</strong></span> <span class='ocrx_word' id='word_1_235' title='bbox 1105 3712 1222 3776; x_wconf 82' lang='lat' dir='ltr'><strong>inerat.</strong></span> 
     </span>
    </p>

    <p class='ocr_par' dir='ltr' id='par_1_11' title="bbox 303 3810 1572 4126">
     <span class='ocr_line' id='line_1_33' title="bbox 392 3810 1477 3903; baseline -0.018 -10"><span class='ocrx_word' id='word_1_236' title='bbox 392 3828 540 3899; x_wconf 77' lang='lat' dir='ltr'><strong>stimulos,</strong></span> <span class='ocrx_word' id='word_1_237' title='bbox 562 3822 722 3903; x_wconf 82' lang='lat' dir='ltr'><strong>stimulor,</strong></span> <span class='ocrx_word' id='word_1_238' title='bbox 746 3821 960 3899; x_wconf 85' lang='lat' dir='ltr'><strong>stimulatrix,</strong></span> <span class='ocrx_word' id='word_1_239' title='bbox 991 3816 1127 3882; x_wconf 86' lang='lat' dir='ltr'><strong>Stachel</strong></span> <span class='ocrx_word' id='word_1_240' title='bbox 1150 3817 1244 3880; x_wconf 88' lang='lat' dir='ltr'><strong>Asin.</strong></span> <span class='ocrx_word' id='word_1_241' title='bbox 1269 3813 1346 3897; x_wconf 88' lang='lat'><strong>418,</strong></span> <span class='ocrx_word' id='word_1_242' title='bbox 1381 3810 1477 3876; x_wconf 85' lang='lat' dir='ltr'><strong>Gurc.</strong></span> 
     </span>
     <span class='ocr_line' id='line_1_34' title="bbox 305 3920 1572 4016; baseline -0.015 -16"><span class='ocrx_word' id='word_1_243' title='bbox 305 3934 367 4000; x_wconf 84' lang='lat'><strong>128</strong></span> <span class='ocrx_word' id='word_1_244' title='bbox 391 3931 493 3998; x_wconf 85' lang='lat' dir='ltr'><strong>Cuius</strong></span> <span class='ocrx_word' id='word_1_245' title='bbox 516 3931 718 4016; x_wconf 81' lang='lat' dir='ltr'><strong>primitivum</strong></span> <span class='ocrx_word' id='word_1_246' title='bbox 744 3951 806 3991; x_wconf 91' lang='lat' dir='ltr'><strong>non</strong></span> <span class='ocrx_word' id='word_1_247' title='bbox 831 3932 951 4006; x_wconf 85' lang='lat' dir='ltr'><strong>exstat,</strong></span> <span class='ocrx_word' id='word_1_248' title='bbox 987 3923 1046 3988; x_wconf 91' lang='lat' dir='ltr'><strong>sed</strong></span> <span class='ocrx_word' id='word_1_249' title='bbox 1080 3943 1120 3986; x_wconf 88' lang='lat' dir='ltr'><strong>ex</strong></span> <span class='ocrx_word' id='word_1_250' title='bbox 1153 3921 1262 3984; x_wconf 87' lang='lat' dir='ltr'><strong>verbis</strong></span> <span class='ocrx_word' id='word_1_251' title='bbox 1293 3920 1477 4004; x_wconf 78' lang='lat' dir='ltr'><strong>instigare.</strong></span> <span class='ocrx_word' id='word_1_252' title='bbox 1571 3965 1572 4000; x_wconf 61' lang='lat'>3</span> 
     </span>
     <span class='ocr_line' id='line_1_35' title="bbox 303 4022 946 4126; baseline -0.009 -23"><span class='ocrx_word' id='word_1_253' title='bbox 303 4022 644 4126; x_wconf 64' lang='lat' dir='ltr'><strong>over-pujexplicatur</strong></span> <span class='ocrx_word' id='word_1_254' title='bbox 669 4040 703 4100; x_wconf 89' lang='lat' dir='ltr'><strong>et</strong></span> <span class='ocrx_word' id='word_1_255' title='bbox 727 4034 946 4099; x_wconf 80' lang='lat' dir='ltr'><strong>confirmatur.</strong></span> 
     </span>
    </p>
   </div>
   <div class='ocr_carea' id='block_1_3' title="bbox 303 4126 1478 4343">
    <p class='ocr_par' dir='ltr' id='par_1_12' title="bbox 303 4126 1478 4343">
     <span class='ocr_line' id='line_1_36' title="bbox 394 4126 1478 4249; baseline -0.02 -13"><span class='ocrx_word' id='word_1_256' title='bbox 394 4183 415 4249; x_wconf 86' lang='lat'><strong>¹)</strong></span> <span class='ocrx_word' id='word_1_257' title='bbox 447 4179 607 4235; x_wconf 83' lang='lat' dir='ltr'><strong>Osthcffius:</strong></span> <span class='ocrx_word' id='word_1_258' title='bbox 637 4177 829 4248; x_wconf 86' lang='lat' dir='ltr'><strong>Forschuugen</strong></span> <span class='ocrx_word' id='word_1_259' title='bbox 856 4176 891 4228; x_wconf 89' lang='lat' dir='ltr'><strong>im</strong></span> <span class='ocrx_word' id='word_1_260' title='bbox 912 4173 1007 4227; x_wconf 88' lang='lat' dir='ltr'><strong>Gebiet</strong></span> <span class='ocrx_word' id='word_1_261' title='bbox 1033 4170 1080 4225; x_wconf 83' lang='lat' dir='ltr'><strong>der</strong></span> <span class='ocrx_word' id='word_1_262' title='bbox 1103 4126 1368 4243; x_wconf 79' lang='lat' dir='ltr'><strong>iuddgermsnischcu</strong></span> <span class='ocrx_word' id='word_1_263' title='bbox 1395 4162 1478 4215; x_wconf 89' lang='lat' dir='ltr'><strong>uomi-</strong></span> 
     </span>
     <span class='ocr_line' id='line_1_37' title="bbox 303 4263 1068 4343; baseline -0.013 -13"><span class='ocrx_word' id='word_1_264' title='bbox 303 4276 381 4330; x_wconf 84' lang='lat' dir='ltr'><strong>nsleu</strong></span> <span class='ocrx_word' id='word_1_265' title='bbox 402 4265 623 4342; x_wconf 85' lang='lat' dir='ltr'><strong>Stsmmbildung‚</strong></span> <span class='ocrx_word' id='word_1_266' title='bbox 645 4285 714 4343; x_wconf 81' lang='lat' dir='ltr'><strong>pars.</strong></span> <span class='ocrx_word' id='word_1_267' title='bbox 734 4270 748 4322; x_wconf 89' lang='lat'>1</span> <span class='ocrx_word' id='word_1_268' title='bbox 768 4266 839 4335; x_wconf 88' lang='lat' dir='ltr'><strong>(Jeu.</strong></span> <span class='ocrx_word' id='word_1_269' title='bbox 860 4266 941 4334; x_wconf 88' lang='grc'>1875)</span> <span class='ocrx_word' id='word_1_270' title='bbox 960 4281 987 4334; x_wconf 88' lang='lat' dir='ltr'><strong>p.</strong></span> <span class='ocrx_word' id='word_1_271' title='bbox 1008 4263 1068 4320; x_wconf 79' lang='lat'><strong>123.</strong></span> 
     </span>
    </p>
   </div>
   <div class='ocr_carea' id='block_1_4' title="bbox 0 0 1592 4984">
    <p class='ocr_par' dir='ltr' id='par_1_13' title="bbox 0 0 1592 4984">
     <span class='ocr_line' id='line_1_38' title="bbox 0 0 1592 4984; baseline 0 0"><span class='ocrx_word' id='word_1_272' title='bbox 0 0 1592 4984; x_wconf 95' lang='lat' dir='ltr'><strong> </strong></span> 
     </span>
    </p>
   </div>
  </div>
 </body>
</html>
