3175 4984
800 365 1039 432 *46*

332 556 405 623 Alc.
422 556 486 633 III,
503 556 565 638 593
590 554 796 633 πινακίσκιον,
819 554 998 641 Antiphan.
1016 556 1073 637 553
1098 554 1286 633 πινακίσκος,
1311 556 1447 641 Epigen.
1469 560 1503 640 13

333 661 527 741 πλεκτάνιον,
551 662 772 745 Eubul1103
797 659 1001 746 πνεομάτιον,
1026 662 1206 728 Damoxen.
1232 663 1270 745 23
1294 662 1505 749 πραγμάτιον,

333 770 459 856 Epinic.
480 776 516 852 13
540 766 846 855 προβουλευμάτιον,
869 768 942 838 Alc.
958 769 1022 847 III,
1039 769 1100 851 223
1124 768 1283 854 πορίδιον,
1306 769 1379 838 Alc.
1397 772 1456 853 lig.
1473 772 1505 854 63

333 875 504 963 ῥημάτιον,
534 878 591 942 Ar.
616 876 698 942 th.
734 877 814 956 444;
855 873 989 961 ῥοίδιον,
1023 875 1194 939 Menandr.
1236 878 1313 958 1463
1352 874 1507 959 σιτάριον,

334 982 471 1049 Philem.
497 983 554 1066 983
579 981 759 1068 σκευάριον,
785 982 906 1067 Diphil.
934 983 992 1064 193
1022 980 1182 1060 στεάτιον,
1206 981 1322 1049 Alexis
1346 983 1409 1065 843
1440 1007 1507 1046 στε-

334 1087 472 1170 γάλλιον,
496 1086 638 1153 Herond.
667 1090 685 1152 7
695 1110 703 1171 3
736 1087 906 1174 στιχίδιον,
930 1088 1003 1155 ΑΙο.
1027 1089 1091 1169 ΙΠ,
1116 1088 1179 1171 563
1212 1086 1350 1174 τεχνίον,
1373 1087 1509 1154 Antido-

332 1202 384 1261 tos
409 1198 445 1278 23
474 1193 677 1280 τριμμάτιον,
700 1194 815 1260 Sotad.
843 1198 876 1277 13
905 1192 1083 1280 χορτίδιον,
1106 1194 1179 1259 Alc.
1204 1195 1231 1274 Ι,
1257 1194 1315 1277 26;
1346 1193 1507 1280 χηνίσκος,

333 1302 452 1367 Eubul.
480 1302 520 1365 15
529 1326 536 1381 ;
561 1298 750 1387 χορδάριον,
773 1300 888 1366 Alexis
914 1301 997 1382 1323
1021 1298 1146 1387 χυμίον,
1170 1299 1283 1366 Sotad.
1310 1303 1340 1368 1.

672 1479 702 1546 8.
729 1476 905 1542 Adiectiva
930 1481 1062 1541 exstant
1085 1476 1185 1544 baec:

427 1619 677 1705 olz'quantillnlns,
710 1616 806 1705 (lapt.
833 1619 914 1684 137:
944 1618 1060 1704 Neque
1084 1639 1237 1701 nmquam
1262 1620 1434 1701 quicquam
1458 1640 1507 1681 me

339 1730 433 1791 iuvat
457 1724 541 1810 qnod
567 1726 627 1789 edo
653 1726 759 1791 domi:
785 1725 881 1789 Foris
898 1724 1176 1809 aliquantillulum
1194 1726 1294 1789 etiam
1311 1724 1397 1808 quod
1413 1731 1508 1809 gusto

339 1832 373 1896 id
388 1834 477 1900 beat.
507 1832 703 1897 Emendavit
725 1832 833 1896 locum
857 1830 1074 1918 Spengelius3
1099 1830 1230 1896 codices
1254 1831 1510 1915 aliquantillum,

339 1938 582 2023 aliquantulum
605 1939 773 2025 praebent.

429 2049 629 2131 arqeoteolos,
653 2044 739 2109 Rud.
766 2045 867 2111 11693
892 2044 1006 2110 Postid
1030 2044 1177 2109 ensicula
1201 2042 1489 2129 argenteola(est).

431 2156 583 2236 cereolas,
617 2151 712 2237 Epid.
738 2152 824 2216 6403
860 2150 1014 2215 Auellum
1048 2150 1215 2214 aureolum
1251 2152 1286 2212 in
1322 2149 1509 2235 digitulum.

340 2256 428 2329 Rud.
455 2259 549 2323 1156.
596 2258 788 2322 Ensiculust
815 2257 967 2322 aureolus
996 2258 1134 2342 primum
1157 2256 1335 2322 litteratus.
1382 2256 1420 2319 In
1453 2255 1513 2320 Oa-

342 2365 417 2429 tnlli
451 2385 579 2450 quoqne
614 2366 758 2429 carmine
782 2367 835 2444 61,
863 2365 925 2428 167
949 2368 1077 2429 exstat:
1113 2362 1269 2427 Transfer
1302 2364 1409 2427 omine
1442 2384 1516 2426 oum

343 2472 429 2535 bono
455 2471 554 2533 limen
579 2471 728 2535 aureolos
753 2470 862 2555 pedes.

431 2577 526 2643 tellas
549 2598 631 2661 quae
657 2598 721 2641 vox
746 2579 963 2641 usitatissima
987 2583 1046 2639 est.
1098 2576 1183 2639 Nam
1218 2597 1281 2639 non
1314 2576 1418 2639 solum
1452 2596 1516 2639 ser-

342 2686 433 2748 moni
458 2682 638 2771 cottidiano
663 2689 697 2747 et
719 2683 848 2767 vulgari
873 2685 1004 2768 propria
1028 2687 1079 2746 est
1102 2687 1150 2758 (ut
1163 2681 1273 2745 Plauti
1297 2682 1447 2765 exempla
1464 2680 1517 2747 do·

202 2824 204 2829 v
329 2790 433 2883 cent)
459 2789 516 2854 sed
549 2794 649 2855 etiam
678 2796 826 2854 oratores
854 2810 972 2875 graves
1005 2810 1078 2853 eam
1110 2791 1353 2874 usurpaverunt
1383 2786 1441 2850 ubi
1478 2787 1518 2853 de

343 2897 439 2962 rebus
463 2896 632 2962 minutulis
656 2896 811 2982 agebant.
848 2893 1039 2962 Cuiusmodi
1064 2893 1215 2980 exempla
1236 2896 1269 2958 in
1292 2889 1358 2957 Cic.
1376 2890 1416 2955 de
1432 2899 1520 2958 orat.

344 3004 456 3068 libello
480 3006 626 3069 invenies
657 3003 799 3089 exempli
827 3006 937 3087 gratia
967 3003 994 3086 I,
1022 3001 1106 3065 247:
1138 3001 1224 3064 Nam
1253 3003 1358 3087 ipsum
1387 2998 1520 3083 quidem

345 3110 437 3193 illud,
454 3112 554 3175 etiam
568 3113 638 3175 sine
652 3112 838 3197 cognitione
850 3112 940 3190 iuris,
954 3128 1051 3193 quam
1064 3111 1108 3170 sit
1121 3106 1243 3171 bellum
1256 3128 1375 3172 cavere
1388 3107 1520 3187 malum,

343 3220 425 3281 scire
450 3237 632 3302 possumus,
662 3217 744 3282 2553
788 3215 972 3280 subsidium
1001 3216 1088 3278 enim
1116 3212 1335 3277 bellissimum
1364 3214 1518 3278 existimo

347 3343 417 3387 esse
442 3324 604 3388 senectuti
630 3324 741 3386 otium.
788 3322 928 3386 Plautus
951 3324 1052 3407 igitur
1079 3321 1141 3385 hoc
1168 3341 1246 3383 usus
1276 3327 1328 3383 est
1357 3318 1517 3385 vocabulo

345 3432 378 3492 in
403 3428 514 3493 Aulul.
540 3428 622 3494 2853
658 3426 786 3491 Bellum
820 3433 855 3493 et
886 3426 1040 3516 pudicum
1070 3448 1147 3491 vero
1176 3426 1394 3512 prostibulum
1418 3425 1520 3512 popli.

346 3538 439 3606 Asin.
462 3538 543 3601 6763
568 3536 609 3600 Ei
632 3555 720 3617 sane,
746 3533 845 3617 bella,
870 3534 965 3601 belle.
1014 3534 1108 3621 Oapt.
1125 3533 1209 3600 9563
1234 3534 1297 3598 Fui
1322 3555 1383 3616 ego
1400 3530 1524 3612 bellus,

346 3640 491 3727 lepidus:
526 3643 631 3707 bonus
654 3646 706 3708 vir
731 3664 907 3727 numquam
939 3663 1044 3727 neque
1074 3643 1160 3727 frugi
1184 3641 1289 3706 bonae
1314 3638 1428 3718 Neque
1453 3655 1525 3701 erc.

348 3747 423 3817 (las.
449 3750 527 3816 1083
561 3750 691 3815 Bellam
715 3759 748 3816 et
770 3750 931 3815 tenellam
957 3746 1124 3827 Casinam,
1150 3766 1339 3812 conservam
1363 3749 1454 3806 tuam
1482 3792 1490 3804 .
1518 3794 1525 3806 .

347 3856 391 3922 Et
424 3859 601 3923 tediosimus
633 3860 742 3920 exstat
772 3854 868 3921 Ourc.
892 3857 956 3924 20:
990 3854 1215 3919 Bellissimum
1245 3848 1356 3914 hercle
1389 3846 1457 3910 vidi
1491 3855 1527 3912 et

348 3963 641 4027 taciturnissimum
666 3959 827 4047 (ostium).
874 3963 975 4030 Mero.
993 3961 1074 4025 6883
1098 3957 1196 4022 Illam
1220 3977 1292 4021 esse
1307 3955 1446 4020 amicam
1470 3956 1523 4017 tui

348 4070 412 4133 viri
448 4067 633 4131 bellissimi.
688 4066 767 4131 ibid.
806 4068 888 4135 8253
925 4067 1015 4130 Tuos
1049 4071 1144 4151 pater
1178 4062 1387 4127 bellissimus.
1447 4060 1523 4124 Ter.

349 4171 490 4261 Adelph.
514 4174 599 4241 5903
623 4192 723 4236 unum
749 4172 915 4257 quicquid,
939 4169 1025 4255 quod
1050 4167 1182 4255 quidem
1206 4170 1271 4236 erit
1293 4167 1524 4250 bellissimum,

351 4278 504 4366 Carpam.
530 4277 642 4344 Bellus
668 4281 754 4344 vocis
771 4283 882 4343 autem
898 4277 1150 4343 deminutivum:

128 4579 596 4949 “k
