3175 4984
775 322 1015 390 4<4O>÷

396 517 505 583 Locus
518 538 595 581 vero
607 514 667 581 Or.
676 516 769 582 Fast.
779 515 839 599 IV,
852 516 913 580 741
928 514 1010 602 (Ure
1023 538 1125 583 mares
1139 514 1245 601 olcas)
1257 514 1299 581 ab
1313 514 1482 601 illaquam

307 626 460 711 proposui
482 622 600 708 regula
623 621 778 688 abhorret
801 626 945 706 itemque
968 622 1132 688 Martialis
1156 621 1250 703 XIV,
1279 622 1358 691 174:
1384 625 1483 705 (Moa-

308 734 396 798 colus
418 732 554 795 intravit
577 729 694 813 fontes,
719 732 854 794 emersit
877 735 1061 812 utrumque.
1096 729 1177 793 Pars
1201 733 1254 793 est
1276 748 1344 794 una
1367 731 1481 814 patris,

308 845 417 901 cetera
439 838 557 901 matris
580 834 694 919 habet)
719 838 775 919 qui
799 834 840 899 ad
865 856 970 917 usum,
996 856 1093 920 quem
1110 855 1208 920 supra
1224 832 1393 919 descripsi,
1418 856 1482 899 ser·

309 946 416 1007 monis
440 940 615 1008 cottidiani
640 944 772 1028 propius
798 941 938 1011 accedit.

397 1048 493 1123 Quod
516 1070 594 1113 vero
620 1071 639 1113 a
661 1051 886 1134 grammaticis
909 1047 954 1112 ad
976 1069 1080 1135 genus
1103 1050 1356 1132 grammaticum
1372 1046 1481 1131 desig·

306 1154 450 1220 nandum
465 1156 631 1220 masculus
645 1161 679 1220 et
688 1155 889 1219 masculinus
901 1154 1085 1237 adhibetur,
1103 1152 1259 1219 eodemne
1274 1152 1483 1219 referendum

306 1265 350 1327 sit
388 1284 450 1347 quo
489 1261 545 1325 ille
584 1269 754 1346 poetarum
796 1282 885 1341 usus,
922 1282 965 1324 an
1000 1258 1215 1345 repetendum
1255 1282 1295 1325 ex
1332 1282 1483 1325 sermone

306 1369 422 1455 puerili
447 1367 489 1432 ad
512 1368 791 1453 hypocoristicum
807 1365 938 1431 dicendi
961 1387 1064 1453 genus
1088 1372 1251 1452 prompto,
1274 1389 1340 1432 non
1365 1365 1483 1431 diiudi-

308 1476 460 1557 caverim,
493 1471 639 1539 sednon
673 1474 790 1539 inutile
820 1473 950 1539 videtur
971 1473 1061 1538 locos
1085 1472 1243 1558 quosdam
1274 1494 1314 1537 ex
1344 1473 1483 1559 vulgata

306 1581 464 1647 librorum
488 1603 655 1647 sacrorum
678 1584 829 1646 versione
854 1579 979 1664 afferre,
1003 1582 1060 1665 qui
1080 1580 1146 1645 loci
1162 1580 1309 1644 Plautini
1333 1586 1386 1644 sat
1409 1592 1484 1644 sunt

307 1690 444 1753 similes.

398 1794 481 1865 Gen.
504 1794 634 1875 XXXI,
662 1795 790 1858 10-12
825 1793 892 1858 vidi
923 1796 956 1857 in
990 1796 1110 1857 somnis
1140 1794 1357 1859 ascendentes
1380 1814 1484 1871 mores

308 1922 407 1987 super
430 1902 570 1965 feminas
595 1952 602 1969 .
628 1950 636 1967 .
661 1951 670 1970 .
693 1900 770 1965 vide
794 1904 963 1965 universos
978 1900 1131 1967 macarios
1147 1898 1366 1964 ascendentes
1383 1920 1480 1987 super

308 2008 458 2073 feminas.
507 2006 610 2072 Exod.
634 2007 661 2090 Ι,
688 2008 748 2074 16:
784 2011 813 2071 si
835 2011 990 2075 masculos
1015 2009 1123 2087 luerit,
1147 2006 1321 2071 interficite
1345 2028 1429 2087 eum,
1453 2009 1482 2070 si

308 2114 443 2194 femina,
476 2121 640 2178 reservate
666 2116 716 2179 17.
764 2112 821 2179 sed
855 2111 1072 2201 [obstetrices]
1105 2113 1348 2179 conservabant
1370 2136 1480 2181 morea.

308 2222 389 2286 Lev.
413 2220 494 2302 XII,
519 2222 621 2286 2-l:
658 2220 776 2285 Mulier
809 2223 838 2285 si
870 2227 1022 2307 suscepto
1055 2223 1182 2284 semine
1215 2223 1378 2306 pepererit
1399 2244 1481 2288 mos·

307 2332 419 2410 osclum,
458 2327 626 2392 immunda
660 2330 722 2392 erit
756 2334 884 2413 septem
918 2326 1067 2392 diebus.
1093 2376 1101 2392 .
1127 2376 1167 2396 ..
1206 2329 1255 2391 sin
1291 2334 1399 2391 autem
1434 2327 1480 2390 fe·

308 2437 429 2499 minam
453 2486 462 2503 .
488 2485 494 2498 .
520 2433 647 2499 duabus
677 2432 965 2500 hebdomatibus.
991 2484 998 2500 .
1025 2486 1032 2501 .
1065 2436 1132 2500 ista
1164 2440 1215 2497 est
1245 2433 1297 2498 lex
1322 2435 1479 2520 parientis

307 2541 480 2607 masculum
504 2548 563 2605 aut
586 2542 750 2607 feminam.
796 2542 883 2605 Num
908 2540 949 2622 V,
973 2543 994 2605 3
1017 2548 1085 2606 tam
1119 2544 1290 2608 mesciolum
1313 2562 1410 2625 quam
1434 2541 1481 2605 fe·

308 2651 431 2711 minam
456 2650 563 2712 eiicite
587 2646 628 2712 de
652 2650 780 2712 castris.
828 2646 918 2711 Deut
941 2648 1001 2728 IV,
1029 2649 1069 2714 16
1099 2669 1140 2711 ne
1169 2648 1252 2713 sorte
1282 2645 1410 2731 decepti
1434 2648 1482 2711 fa·

308 2756 406 2820 ciatis
437 2754 529 2819 vobis
560 2753 723 2840 sculptam
755 2753 1024 2838 similitudinem,
1057 2763 1116 2819 aut
1147 2755 1324 2839 imaginem
1352 2755 1483 2821 musculi

309 2861 360 2925 vel
385 2863 536 2925 feminae.
576 2860 636 2947 Ep.
655 2862 704 2924 ad.
722 2860 795 2926 Gal.
812 2860 868 2927 III
891 2861 933 2925 28
956 2884 1020 2927 non
1044 2873 1093 2925 est
1115 2882 1234 2943 servus,
1259 2882 1365 2945 neque
1381 2860 1481 2928 liber:

309 2990 374 3033 non
399 2974 451 3032 est
472 2968 630 3036 masculas
655 2988 759 3052 neque
783 2970 915 3034 femina.

396 3075 441 3138 Et
477 3074 562 3161 apud
601 3075 845 3140 ecclesiasticos
875 3078 1052 3161 scriptores
1081 3075 1335 3161 masculofemico
1364 3081 1482 3157 exstat,

308 3203 405 3265 quam
430 3203 544 3246 vocem
568 3203 585 3246 e
611 3182 739 3247 Graeco
764 3179 963 3265 ἀνδρόγυνος
993 3183 1228 3248 transferentes
1251 3182 1385 3245 formari
1409 3183 1482 3243 ausi

309 3294 396 3353 sunt.

396 3394 568 3463 matercula
591 3414 689 3478 quam
712 3416 826 3461 vocem
843 3396 945 3460 Prisc.
962 3398 1045 3461 Inst.
1064 3397 1130 3482 ΙΙΙ,
1154 3396 1196 3460 29
1213 3372 1307 3458 affert
1330 3393 1483 3459 eOistel-

308 3499 406 3565 laria:
431 3502 523 3566 Tunc
539 3507 577 3565 tu
592 3503 705 3587 igitur,
729 3524 805 3566 mea
820 3503 1009 3567 matercula.
1049 3504 1187 3568 Praeter
1203 3504 1342 3567 {onnam
1360 3509 1481 3564 mater·

308 3607 383 3671 cula
416 3610 517 3671 etiam
551 3606 682 3673 brevior
709 3608 869 3692 quaedam
894 3608 1064 3673 *materca
1087 3612 1254 3674 exstitisse
1278 3608 1418 3686 videtur,
1453 3609 1482 3668 si

308 3713 439 3798 quidem
457 3722 544 3778 recte
561 3713 710 3780 Brealius
735 3714 824 3802 (Soc.
842 3714 882 3780 de
898 3714 1048 3801 linguist.
1073 3718 1094 3781 3
1117 3739 1147 3801 p.
1165 3716 1244 3796 341)
1270 3713 1478 3791 coniectamt,

308 3820 502 3885 vocabulum
528 3842 670 3885 noverca
693 3819 736 3886 ad
759 3821 943 3908 exemplum
959 3822 1113 3887 vocabuli
1129 3822 1298 3884 *materca
1313 3822 1345 3882 in
1365 3818 1480 3903 lingua

308 3927 483 3991 infantium
506 3926 648 3992 effictum
673 3948 755 3994 esse.
804 3930 858 4013 (cl.
883 3927 982 3999 Delb.
1005 3929 1026 3991 l.
1052 3949 1079 3995 c.
1104 3951 1135 4013 p.
1159 3927 1251 4009 471).

394 4034 599 4113 meretricula,
624 4032 787 4123 Rud.63:
813 4033 1012 4099 Conscendit
1034 4036 1068 4098 in
1093 4056 1219 4114 navem,
1245 4031 1358 4098 avehit
1379 4049 1481 4095 mere·

308 4142 453 4207 triculas.
502 4142 597 4207 Troo.
622 4142 706 4207 309:
735 4142 810 4206 Non
835 4146 922 4205 enim
946 4141 1014 4205 illic
1039 4140 1255 4207 meretriculis
1279 4135 1483 4205 moeniendis

309 4269 380 4311 rem
405 4253 521 4334 coegit.
