<?xml version="1.0" encoding="UTF-8"?>
<!DOCTYPE html PUBLIC "-//W3C//DTD XHTML 1.0 Transitional//EN"
    "http://www.w3.org/TR/xhtml1/DTD/xhtml1-transitional.dtd">
<html xmlns="http://www.w3.org/1999/xhtml" xml:lang="en" lang="en">
 <head>
  <title>
</title>
<meta http-equiv="Content-Type" content="text/html;charset=utf-8" />
  <meta name='ocr-system' content='tesseract 3.04.00' />
  <meta name='ocr-capabilities' content='ocr_page ocr_carea ocr_par ocr_line ocrx_word'/>
</head>
<body>
  <div class='ocr_page' id='page_1' title='image "./dedeminutivispl00ryhigoog_0030.png"; bbox 0 0 3175 4984; ppageno 0'>
   <div class='ocr_carea' id='block_1_1' title="bbox 772 375 1013 444">
    <p class='ocr_par' dir='ltr' id='par_1_1' title="bbox 772 375 1013 444">
     <span class='ocr_line' id='line_1_1' title="bbox 772 375 1013 444; baseline 0.004 -1"><span class='ocrx_word' id='word_1_1' title='bbox 772 375 1013 444; x_wconf 56' lang='lat'>«22»-</span> 
     </span>
    </p>
   </div>
   <div class='ocr_carea' id='block_1_2' title="bbox 303 568 1479 1291">
    <p class='ocr_par' dir='ltr' id='par_1_2' title="bbox 391 568 1402 654">
     <span class='ocr_line' id='line_1_2' title="bbox 391 568 1402 654; baseline 0.003 -21"><span class='ocrx_word' id='word_1_2' title='bbox 391 569 557 649; x_wconf 82' lang='lat' dir='ltr'>alcticalua‚</span> <span class='ocrx_word' id='word_1_3' title='bbox 581 568 861 654; x_wconf 86' lang='lat' dir='ltr'>pentominiseher</span> <span class='ocrx_word' id='word_1_4' title='bbox 884 569 988 637; x_wconf 75' lang='lat' dir='ltr'>Tana.</span> <span class='ocrx_word' id='word_1_5' title='bbox 1035 570 1126 633; x_wconf 86' lang='lat' dir='ltr'>Pers.</span> <span class='ocrx_word' id='word_1_6' title='bbox 1151 570 1218 635; x_wconf 82' lang='lat'>824</span> <span class='ocrx_word' id='word_1_7' title='bbox 1240 591 1260 633; x_wconf 85' lang='lat' dir='ltr'>a</span> <span class='ocrx_word' id='word_1_8' title='bbox 1284 574 1402 636; x_wconf 88' lang='lat' dir='ltr'>statue.</span> 
     </span>
    </p>

    <p class='ocr_par' dir='ltr' id='par_1_3' title="bbox 303 672 1479 867">
     <span class='ocr_line' id='line_1_3' title="bbox 392 672 1479 764; baseline 0.004 -25"><span class='ocrx_word' id='word_1_9' title='bbox 392 676 509 755; x_wconf 74' lang='lat' dir='ltr'>mccc,</span> <span class='ocrx_word' id='word_1_10' title='bbox 533 672 780 759; x_wconf 84' lang='lat' dir='ltr'>Schweinchen‚</span> <span class='ocrx_word' id='word_1_11' title='bbox 804 673 889 740; x_wconf 90' lang='lat' dir='ltr'>Rud.</span> <span class='ocrx_word' id='word_1_12' title='bbox 908 676 995 741; x_wconf 85' lang='grc'><strong>1170</strong></span> <span class='ocrx_word' id='word_1_13' title='bbox 1017 675 1106 741; x_wconf 88' lang='lat' dir='ltr'>aliud</span> <span class='ocrx_word' id='word_1_14' title='bbox 1131 674 1209 760; x_wconf 92' lang='lat' dir='ltr'>quid</span> <span class='ocrx_word' id='word_1_15' title='bbox 1230 674 1479 764; x_wconf 70' lang='lat' dir='ltr'>rad-crepundia</span> 
     </span>
     <span class='ocr_line' id='line_1_4' title="bbox 303 780 483 867; baseline 0.022 -22"><span class='ocrx_word' id='word_1_16' title='bbox 303 780 483 867; x_wconf 77' lang='lat' dir='ltr'><strong>pertinens.</strong></span> 
     </span>
    </p>

    <p class='ocr_par' dir='ltr' id='par_1_4' title="bbox 304 884 1472 1078">
     <span class='ocr_line' id='line_1_5' title="bbox 393 884 1472 975; baseline 0.002 -22"><span class='ocrx_word' id='word_1_17' title='bbox 393 889 566 973; x_wconf 70' lang='lat' dir='ltr'>salpicum</span> <span class='ocrx_word' id='word_1_18' title='bbox 600 884 821 975; x_wconf 86' lang='lat' dir='ltr'>(scirpiculus)</span> <span class='ocrx_word' id='word_1_19' title='bbox 862 888 1019 974; x_wconf 85' lang='lat' dir='ltr'>surpiculi</span> <span class='ocrx_word' id='word_1_20' title='bbox 1055 890 1202 975; x_wconf 70' lang='lat' dir='ltr'>piscani,</span> <span class='ocrx_word' id='word_1_21' title='bbox 1241 888 1472 957; x_wconf 78' lang='lat' dir='ltr'>Fischreusen.</span> 
     </span>
     <span class='ocr_line' id='line_1_6' title="bbox 304 988 497 1078; baseline 0.005 -23"><span class='ocrx_word' id='word_1_22' title='bbox 304 988 399 1078; x_wconf 82' lang='lat' dir='ltr'>(lapt.</span> <span class='ocrx_word' id='word_1_23' title='bbox 424 991 497 1059; x_wconf 77' lang='lat'><strong>815.</strong></span> 
     </span>
    </p>

    <p class='ocr_par' dir='ltr' id='par_1_5' title="bbox 304 1096 1476 1291">
     <span class='ocr_line' id='line_1_7' title="bbox 392 1096 1473 1187; baseline 0.004 -24"><span class='ocrx_word' id='word_1_24' title='bbox 392 1100 512 1181; x_wconf 79' lang='lat' dir='ltr'>tabella,</span> <span class='ocrx_word' id='word_1_25' title='bbox 536 1096 869 1183; x_wconf 74' lang='lat' dir='ltr'>Schreibtaefelchen,</span> <span class='ocrx_word' id='word_1_26' title='bbox 900 1100 975 1187; x_wconf 85' lang='lat' dir='ltr'>plus</span> <span class='ocrx_word' id='word_1_27' title='bbox 998 1102 1134 1166; x_wconf 75' lang='lat' dir='ltr'><strong>triciens</strong></span> <span class='ocrx_word' id='word_1_28' title='bbox 1158 1103 1191 1166; x_wconf 91' lang='lat' dir='ltr'>iu</span> <span class='ocrx_word' id='word_1_29' title='bbox 1216 1102 1326 1168; x_wconf 81' lang='lat' dir='ltr'>Plauti</span> <span class='ocrx_word' id='word_1_30' title='bbox 1350 1102 1473 1168; x_wconf 86' lang='lat' dir='ltr'>fabulis</span> 
     </span>
     <span class='ocr_line' id='line_1_8' title="bbox 304 1202 1476 1291; baseline 0.004 -23"><span class='ocrx_word' id='word_1_31' title='bbox 304 1206 455 1285; x_wconf 87' lang='lat' dir='ltr'>occurrit,</span> <span class='ocrx_word' id='word_1_32' title='bbox 490 1204 631 1291; x_wconf 85' lang='lat' dir='ltr'>exempli</span> <span class='ocrx_word' id='word_1_33' title='bbox 665 1208 775 1291; x_wconf 86' lang='lat' dir='ltr'>gratia</span> <span class='ocrx_word' id='word_1_34' title='bbox 812 1202 905 1271; x_wconf 81' lang='lat' dir='ltr'>(iuro.</span> <span class='ocrx_word' id='word_1_35' title='bbox 934 1206 1010 1289; x_wconf 85' lang='grc'><strong>347,</strong></span> <span class='ocrx_word' id='word_1_36' title='bbox 1044 1206 1166 1273; x_wconf 87' lang='lat' dir='ltr'>Bacch.</span> <span class='ocrx_word' id='word_1_37' title='bbox 1204 1208 1278 1289; x_wconf 85' lang='grc'><strong>715,</strong></span> <span class='ocrx_word' id='word_1_38' title='bbox 1314 1208 1387 1273; x_wconf 85' lang='lat' dir='ltr'>Mil.</span> <span class='ocrx_word' id='word_1_39' title='bbox 1422 1210 1476 1291; x_wconf 89' lang='grc'>73,</span> 
     </span>
    </p>
   </div>
   <div class='ocr_carea' id='block_1_3' title="bbox 185 1309 493 1413">
    <p class='ocr_par' dir='ltr' id='par_1_6' title="bbox 185 1309 493 1413">
     <span class='ocr_line' id='line_1_9' title="bbox 185 1309 493 1413; baseline 0 -38"><span class='ocrx_word' id='word_1_40' title='bbox 185 1406 187 1413; x_wconf 17' lang='grc' dir='ltr'><strong><em>Α</em></strong></span> <span class='ocrx_word' id='word_1_41' title='bbox 302 1309 393 1375; x_wconf 86' lang='lat' dir='ltr'>Pers.</span> <span class='ocrx_word' id='word_1_42' title='bbox 418 1310 493 1375; x_wconf 86' lang='grc'><strong>460.</strong></span> 
     </span>
    </p>
   </div>
   <div class='ocr_carea' id='block_1_4' title="bbox 298 1417 1477 4167">
    <p class='ocr_par' dir='ltr' id='par_1_7' title="bbox 392 1417 993 1499">
     <span class='ocr_line' id='line_1_10' title="bbox 392 1417 993 1499; baseline 0.005 -16"><span class='ocrx_word' id='word_1_43' title='bbox 392 1420 534 1499; x_wconf 77' lang='lat' dir='ltr'>tantulae,</span> <span class='ocrx_word' id='word_1_44' title='bbox 559 1437 595 1482; x_wconf 89' lang='lat' dir='ltr'>sc</span> <span class='ocrx_word' id='word_1_45' title='bbox 619 1417 721 1483; x_wconf 86' lang='lat' dir='ltr'>klein.</span> <span class='ocrx_word' id='word_1_46' title='bbox 769 1418 889 1485; x_wconf 87' lang='lat' dir='ltr'>Bacch.</span> <span class='ocrx_word' id='word_1_47' title='bbox 915 1418 993 1487; x_wconf 83' lang='lat'><strong>209.</strong></span> 
     </span>
    </p>

    <p class='ocr_par' dir='ltr' id='par_1_8' title="bbox 301 1521 1477 2144">
     <span class='ocr_line' id='line_1_11' title="bbox 390 1521 1474 1609; baseline 0.004 -20"><span class='ocrx_word' id='word_1_48' title='bbox 390 1527 516 1607; x_wconf 70' lang='lat' dir='ltr'>capulo,</span> <span class='ocrx_word' id='word_1_49' title='bbox 541 1521 659 1605; x_wconf 78' lang='lat' dir='ltr'>Riese,</span> <span class='ocrx_word' id='word_1_50' title='bbox 683 1524 809 1607; x_wconf 83' lang='lat' dir='ltr'>Kralle,</span> <span class='ocrx_word' id='word_1_51' title='bbox 832 1525 909 1590; x_wconf 85' lang='lat' dir='ltr'>Hui.</span> <span class='ocrx_word' id='word_1_52' title='bbox 941 1526 1038 1594; x_wconf 84' lang='lat' dir='ltr'>Asin.</span> <span class='ocrx_word' id='word_1_53' title='bbox 1055 1524 1131 1609; x_wconf 84' lang='lat'>340,</span> <span class='ocrx_word' id='word_1_54' title='bbox 1155 1524 1232 1590; x_wconf 89' lang='lat' dir='ltr'>Aul.</span> <span class='ocrx_word' id='word_1_55' title='bbox 1252 1526 1329 1608; x_wconf 91' lang='grc'><strong>467,</strong></span> <span class='ocrx_word' id='word_1_56' title='bbox 1354 1526 1474 1593; x_wconf 82' lang='lat' dir='ltr'>Pseud.</span> 
     </span>
     <span class='ocr_line' id='line_1_12' title="bbox 303 1628 1473 1718; baseline 0.003 -24"><span class='ocrx_word' id='word_1_57' title='bbox 303 1628 379 1699; x_wconf 81' lang='lat'><strong>643.</strong></span> <span class='ocrx_word' id='word_1_58' title='bbox 424 1633 567 1716; x_wconf 72' lang='lat' dir='ltr'>capatus,</span> <span class='ocrx_word' id='word_1_59' title='bbox 590 1631 700 1716; x_wconf 85' lang='lat' dir='ltr'>Nagel</span> <span class='ocrx_word' id='word_1_60' title='bbox 723 1654 765 1696; x_wconf 89' lang='lat' dir='ltr'>au</span> <span class='ocrx_word' id='word_1_61' title='bbox 790 1630 848 1695; x_wconf 91' lang='lat' dir='ltr'>der</span> <span class='ocrx_word' id='word_1_62' title='bbox 862 1631 961 1697; x_wconf 87' lang='lat' dir='ltr'>Zehe.</span> <span class='ocrx_word' id='word_1_63' title='bbox 997 1630 1095 1717; x_wconf 82' lang='lat' dir='ltr'>Epid.</span> <span class='ocrx_word' id='word_1_64' title='bbox 1112 1632 1177 1697; x_wconf 77' lang='lat'>623</span> <span class='ocrx_word' id='word_1_65' title='bbox 1200 1632 1282 1718; x_wconf 88' lang='lat' dir='ltr'>(nisi</span> <span class='ocrx_word' id='word_1_66' title='bbox 1294 1654 1367 1697; x_wconf 90' lang='lat' dir='ltr'>cum</span> <span class='ocrx_word' id='word_1_67' title='bbox 1384 1633 1422 1697; x_wconf 90' lang='lat' dir='ltr'>B.</span> <span class='ocrx_word' id='word_1_68' title='bbox 1436 1634 1473 1697; x_wconf 83' lang='grc' dir='ltr'>Ζ.</span> 
     </span>
     <span class='ocr_line' id='line_1_13' title="bbox 303 1722 1476 1823; baseline 0.001 -23"><span class='ocrx_word' id='word_1_69' title='bbox 303 1734 396 1800; x_wconf 91' lang='lat' dir='ltr'>codd.</span> <span class='ocrx_word' id='word_1_70' title='bbox 433 1736 609 1822; x_wconf 77' lang='lat' dir='ltr'>unguiculo</span> <span class='ocrx_word' id='word_1_71' title='bbox 646 1722 857 1803; x_wconf 85' lang='lat' dir='ltr'>scribendum</span> <span class='ocrx_word' id='word_1_72' title='bbox 892 1731 965 1817; x_wconf 83' lang='lat' dir='ltr'>est).</span> <span class='ocrx_word' id='word_1_73' title='bbox 1018 1739 1223 1823; x_wconf 66' lang='lat' dir='ltr'>accumulas,</span> <span class='ocrx_word' id='word_1_74' title='bbox 1259 1737 1363 1805; x_wconf 88' lang='lat' dir='ltr'>Stich.</span> <span class='ocrx_word' id='word_1_75' title='bbox 1399 1740 1476 1823; x_wconf 89' lang='grc'><strong>761,</strong></span> 
     </span>
     <span class='ocr_line' id='line_1_14' title="bbox 301 1841 1477 1934; baseline 0.005 -29"><span class='ocrx_word' id='word_1_76' title='bbox 301 1841 427 1928; x_wconf 82' lang='lat' dir='ltr'>Finger</span> <span class='ocrx_word' id='word_1_77' title='bbox 450 1872 495 1898; x_wconf 83' lang='lat'>==</span> <span class='ocrx_word' id='word_1_78' title='bbox 517 1842 736 1929; x_wconf 83' lang='lat' dir='ltr'>Zehennagel‚</span> <span class='ocrx_word' id='word_1_79' title='bbox 760 1846 828 1910; x_wconf 87' lang='lat' dir='ltr'>tria</span> <span class='ocrx_word' id='word_1_80' title='bbox 850 1846 946 1909; x_wconf 86' lang='lat' dir='ltr'>unius</span> <span class='ocrx_word' id='word_1_81' title='bbox 969 1847 1126 1931; x_wconf 89' lang='lat' dir='ltr'>primitivi</span> <span class='ocrx_word' id='word_1_82' title='bbox 1147 1846 1268 1931; x_wconf 86' lang='lat' dir='ltr'>unguis</span> <span class='ocrx_word' id='word_1_83' title='bbox 1292 1842 1397 1934; x_wconf 81' lang='grc' dir='ltr'>(ὄνυξ)</span> <span class='ocrx_word' id='word_1_84' title='bbox 1422 1845 1477 1911; x_wconf 89' lang='lat' dir='ltr'>de·</span> 
     </span>
     <span class='ocr_line' id='line_1_15' title="bbox 304 1948 1476 2037; baseline 0.003 -26"><span class='ocrx_word' id='word_1_85' title='bbox 304 1950 479 2013; x_wconf 86' lang='lat' dir='ltr'>minutiva.</span> <span class='ocrx_word' id='word_1_86' title='bbox 517 1948 567 2013; x_wconf 86' lang='lat' dir='ltr'>Ex</span> <span class='ocrx_word' id='word_1_87' title='bbox 589 1949 780 2033; x_wconf 74' lang='lat' dir='ltr'>unguiculis</span> <span class='ocrx_word' id='word_1_88' title='bbox 803 1952 1046 2036; x_wconf 87' lang='lat' dir='ltr'>perpruriscere</span> <span class='ocrx_word' id='word_1_89' title='bbox 1069 1952 1277 2037; x_wconf 87' lang='lat' dir='ltr'>proverbium</span> <span class='ocrx_word' id='word_1_90' title='bbox 1303 1957 1363 2033; x_wconf 87' lang='lat' dir='ltr'>est,</span> <span class='ocrx_word' id='word_1_91' title='bbox 1388 1950 1476 2035; x_wconf 88' lang='lat' dir='ltr'>quod</span> 
     </span>
     <span class='ocr_line' id='line_1_16' title="bbox 303 2054 1476 2144; baseline 0.004 -26"><span class='ocrx_word' id='word_1_92' title='bbox 303 2060 436 2140; x_wconf 87' lang='lat' dir='ltr'>praeter</span> <span class='ocrx_word' id='word_1_93' title='bbox 465 2055 573 2120; x_wconf 91' lang='lat' dir='ltr'>locum</span> <span class='ocrx_word' id='word_1_94' title='bbox 601 2054 707 2121; x_wconf 84' lang='lat' dir='ltr'>Stichi</span> <span class='ocrx_word' id='word_1_95' title='bbox 739 2061 774 2122; x_wconf 90' lang='lat' dir='ltr'>et</span> <span class='ocrx_word' id='word_1_96' title='bbox 803 2056 995 2144; x_wconf 85' lang='lat' dir='ltr'>Apuleius¹)</span> <span class='ocrx_word' id='word_1_97' title='bbox 1025 2062 1158 2121; x_wconf 87' lang='lat' dir='ltr'>metam.</span> <span class='ocrx_word' id='word_1_98' title='bbox 1187 2058 1230 2121; x_wconf 89' lang='lat' dir='ltr'>X.</span> <span class='ocrx_word' id='word_1_99' title='bbox 1254 2057 1297 2121; x_wconf 78' lang='lat'>22</span> <span class='ocrx_word' id='word_1_100' title='bbox 1326 2058 1476 2143; x_wconf 78' lang='lat' dir='ltr'>praebet.</span> 
     </span>
    </p>

    <p class='ocr_par' dir='ltr' id='par_1_9' title="bbox 324 2162 1313 2248">
     <span class='ocr_line' id='line_1_17' title="bbox 324 2162 1313 2248; baseline -0.003 -17"><span class='ocrx_word' id='word_1_101' title='bbox 324 2208 326 2212; x_wconf 92' lang='lat'><em>-</em></span> <span class='ocrx_word' id='word_1_102' title='bbox 391 2166 560 2248; x_wconf 74' lang='lat' dir='ltr'>vasculum,</span> <span class='ocrx_word' id='word_1_103' title='bbox 583 2162 713 2229; x_wconf 84' lang='lat' dir='ltr'>kleines</span> <span class='ocrx_word' id='word_1_104' title='bbox 738 2163 887 2230; x_wconf 79' lang='lat' dir='ltr'>Gelaess.</span> <span class='ocrx_word' id='word_1_105' title='bbox 925 2164 1003 2231; x_wconf 88' lang='lat' dir='ltr'>Aul.</span> <span class='ocrx_word' id='word_1_106' title='bbox 1027 2165 1102 2245; x_wconf 82' lang='grc'><strong>270,</strong></span> <span class='ocrx_word' id='word_1_107' title='bbox 1128 2162 1212 2227; x_wconf 90' lang='lat' dir='ltr'>Rud.</span> <span class='ocrx_word' id='word_1_108' title='bbox 1238 2163 1313 2231; x_wconf 85' lang='lat'>134.</span> 
     </span>
    </p>

    <p class='ocr_par' dir='ltr' id='par_1_10' title="bbox 299 2267 1475 3100">
     <span class='ocr_line' id='line_1_18' title="bbox 390 2267 1474 2359; baseline 0 -26"><span class='ocrx_word' id='word_1_109' title='bbox 390 2267 512 2334; x_wconf 80' lang='lat' dir='ltr'><strong>Restat</strong></span> <span class='ocrx_word' id='word_1_110' title='bbox 534 2276 571 2334; x_wconf 90' lang='lat' dir='ltr'>ut</span> <span class='ocrx_word' id='word_1_111' title='bbox 593 2270 633 2333; x_wconf 89' lang='lat' dir='ltr'>de</span> <span class='ocrx_word' id='word_1_112' title='bbox 657 2269 793 2336; x_wconf 87' lang='lat' dir='ltr'>vocibus</span> <span class='ocrx_word' id='word_1_113' title='bbox 820 2275 986 2359; x_wconf 78' lang='lat' dir='ltr'>primulae,</span> <span class='ocrx_word' id='word_1_114' title='bbox 1015 2270 1190 2359; x_wconf 76' lang='lat' dir='ltr'>primulum</span> <span class='ocrx_word' id='word_1_115' title='bbox 1220 2272 1333 2357; x_wconf 79' lang='lat' dir='ltr'>paucis</span> <span class='ocrx_word' id='word_1_116' title='bbox 1364 2291 1474 2355; x_wconf 87' lang='lat' dir='ltr'>agam.</span> 
     </span>
     <span class='ocr_line' id='line_1_19' title="bbox 301 2363 1472 2463; baseline 0.002 -22"><span class='ocrx_word' id='word_1_117' title='bbox 301 2363 411 2459; x_wconf 85' lang='lat' dir='ltr'><strong>Atque</strong></span> <span class='ocrx_word' id='word_1_118' title='bbox 426 2375 491 2440; x_wconf 94' lang='lat' dir='ltr'>loci</span> <span class='ocrx_word' id='word_1_119' title='bbox 506 2375 654 2441; x_wconf 84' lang='lat' dir='ltr'>Plautini</span> <span class='ocrx_word' id='word_1_120' title='bbox 668 2381 736 2442; x_wconf 84' lang='lat' dir='ltr'>tres</span> <span class='ocrx_word' id='word_1_121' title='bbox 753 2376 888 2463; x_wconf 83' lang='lat' dir='ltr'><strong>(Amph.</strong></span> <span class='ocrx_word' id='word_1_122' title='bbox 908 2377 981 2457; x_wconf 81' lang='grc'><strong>737,</strong></span> <span class='ocrx_word' id='word_1_123' title='bbox 1007 2376 1081 2442; x_wconf 84' lang='lat' dir='ltr'>Cas.</span> <span class='ocrx_word' id='word_1_124' title='bbox 1098 2376 1179 2463; x_wconf 87' lang='lat' dir='ltr'>prol.</span> <span class='ocrx_word' id='word_1_125' title='bbox 1195 2377 1249 2460; x_wconf 89' lang='grc'>40,</span> <span class='ocrx_word' id='word_1_126' title='bbox 1273 2376 1387 2443; x_wconf 85' lang='lat' dir='ltr'>Pares.</span> <span class='ocrx_word' id='word_1_127' title='bbox 1403 2376 1472 2462; x_wconf 83' lang='lat' dir='ltr'>pig.</span> 
     </span>
     <span class='ocr_line' id='line_1_20' title="bbox 300 2479 1474 2568; baseline -0.001 -23"><span class='ocrx_word' id='word_1_128' title='bbox 300 2482 362 2567; x_wconf 83' lang='lat' dir='ltr'>frg.</span> <span class='ocrx_word' id='word_1_129' title='bbox 386 2479 418 2567; x_wconf 86' lang='lat' dir='ltr'>l)</span> <span class='ocrx_word' id='word_1_130' title='bbox 444 2480 582 2546; x_wconf 89' lang='lat' dir='ltr'>eundem</span> <span class='ocrx_word' id='word_1_131' title='bbox 602 2482 761 2568; x_wconf 85' lang='lat' dir='ltr'>primulus</span> <span class='ocrx_word' id='word_1_132' title='bbox 786 2482 981 2548; x_wconf 83' lang='lat' dir='ltr'>deminutiri</span> <span class='ocrx_word' id='word_1_133' title='bbox 1004 2504 1098 2547; x_wconf 85' lang='lat' dir='ltr'>usum</span> <span class='ocrx_word' id='word_1_134' title='bbox 1122 2483 1368 2565; x_wconf 87' lang='lat' dir='ltr'>demonstrant;</span> <span class='ocrx_word' id='word_1_135' title='bbox 1399 2502 1474 2547; x_wconf 91' lang='lat' dir='ltr'>con·</span> 
     </span>
     <span class='ocr_line' id='line_1_21' title="bbox 300 2587 1473 2673; baseline 0.001 -22"><span class='ocrx_word' id='word_1_136' title='bbox 300 2590 448 2652; x_wconf 87' lang='lat' dir='ltr'>iunctum</span> <span class='ocrx_word' id='word_1_137' title='bbox 473 2594 524 2652; x_wconf 89' lang='lat' dir='ltr'>est</span> <span class='ocrx_word' id='word_1_138' title='bbox 548 2608 621 2652; x_wconf 90' lang='lat' dir='ltr'>cum</span> <span class='ocrx_word' id='word_1_139' title='bbox 645 2588 872 2673; x_wconf 83' lang='lat' dir='ltr'>crepusculum</span> <span class='ocrx_word' id='word_1_140' title='bbox 896 2587 948 2654; x_wconf 80' lang='lat' dir='ltr'>vel</span> <span class='ocrx_word' id='word_1_141' title='bbox 971 2587 1149 2654; x_wconf 89' lang='lat' dir='ltr'>diluculum</span> <span class='ocrx_word' id='word_1_142' title='bbox 1169 2589 1329 2653; x_wconf 82' lang='lat' dir='ltr'>vocabulo</span> <span class='ocrx_word' id='word_1_143' title='bbox 1347 2596 1380 2653; x_wconf 88' lang='lat' dir='ltr'>et</span> <span class='ocrx_word' id='word_1_144' title='bbox 1398 2610 1473 2653; x_wconf 87' lang='lat' dir='ltr'>can·</span> 
     </span>
     <span class='ocr_line' id='line_1_22' title="bbox 300 2692 1475 2781; baseline 0.001 -23"><span class='ocrx_word' id='word_1_145' title='bbox 300 2692 374 2758; x_wconf 89' lang='lat' dir='ltr'>dem</span> <span class='ocrx_word' id='word_1_146' title='bbox 398 2693 600 2759; x_wconf 87' lang='lat' dir='ltr'>adiectivum</span> <span class='ocrx_word' id='word_1_147' title='bbox 623 2694 762 2759; x_wconf 81' lang='lat' dir='ltr'>formam</span> <span class='ocrx_word' id='word_1_148' title='bbox 778 2694 915 2781; x_wconf 83' lang='lat' dir='ltr'><strong>praebet</strong></span> <span class='ocrx_word' id='word_1_149' title='bbox 930 2716 1028 2780; x_wconf 89' lang='lat' dir='ltr'>quam</span> <span class='ocrx_word' id='word_1_150' title='bbox 1044 2696 1286 2759; x_wconf 85' lang='lat' dir='ltr'>substantivum</span> <span class='ocrx_word' id='word_1_151' title='bbox 1311 2694 1401 2779; x_wconf 86' lang='lat' dir='ltr'>(nem</span> <span class='ocrx_word' id='word_1_152' title='bbox 1425 2701 1475 2760; x_wconf 85' lang='lat' dir='ltr'>ita</span> 
     </span>
     <span class='ocr_line' id='line_1_23' title="bbox 301 2800 1475 2887; baseline 0 -22"><span class='ocrx_word' id='word_1_153' title='bbox 301 2807 338 2866; x_wconf 90' lang='lat' dir='ltr'>ut</span> <span class='ocrx_word' id='word_1_154' title='bbox 354 2800 421 2865; x_wconf 81' lang='lat' dir='ltr'>dixi</span> <span class='ocrx_word' id='word_1_155' title='bbox 438 2822 545 2887; x_wconf 85' lang='lat' dir='ltr'>supra,</span> <span class='ocrx_word' id='word_1_156' title='bbox 562 2820 759 2885; x_wconf 83' lang='lat' dir='ltr'>quamquem</span> <span class='ocrx_word' id='word_1_157' title='bbox 776 2800 956 2866; x_wconf 89' lang='lat' dir='ltr'>diluculum</span> <span class='ocrx_word' id='word_1_158' title='bbox 972 2801 1210 2866; x_wconf 86' lang='lat' dir='ltr'>deminutivum</span> <span class='ocrx_word' id='word_1_159' title='bbox 1227 2823 1292 2866; x_wconf 92' lang='lat' dir='ltr'>non</span> <span class='ocrx_word' id='word_1_160' title='bbox 1309 2807 1371 2881; x_wconf 87' lang='lat' dir='ltr'>est,</span> <span class='ocrx_word' id='word_1_161' title='bbox 1388 2801 1475 2866; x_wconf 90' lang='lat' dir='ltr'>bene</span> 
     </span>
     <span class='ocr_line' id='line_1_24' title="bbox 299 2906 1473 2996; baseline 0.001 -25"><span class='ocrx_word' id='word_1_162' title='bbox 299 2906 372 2973; x_wconf 88' lang='lat' dir='ltr'>fieri</span> <span class='ocrx_word' id='word_1_163' title='bbox 394 2911 512 2993; x_wconf 88' lang='lat' dir='ltr'>potuit,</span> <span class='ocrx_word' id='word_1_164' title='bbox 536 2915 573 2974; x_wconf 88' lang='lat' dir='ltr'>ut</span> <span class='ocrx_word' id='word_1_165' title='bbox 597 2907 640 2973; x_wconf 88' lang='lat' dir='ltr'>ad</span> <span class='ocrx_word' id='word_1_166' title='bbox 663 2910 847 2996; x_wconf 85' lang='lat' dir='ltr'>exemplum</span> <span class='ocrx_word' id='word_1_167' title='bbox 872 2908 1097 2995; x_wconf 86' lang='lat' dir='ltr'>crepusculum</span> <span class='ocrx_word' id='word_1_168' title='bbox 1113 2911 1206 2974; x_wconf 88' lang='lat' dir='ltr'>vocis</span> <span class='ocrx_word' id='word_1_169' title='bbox 1223 2907 1365 2973; x_wconf 88' lang='lat' dir='ltr'>effictum</span> <span class='ocrx_word' id='word_1_170' title='bbox 1383 2910 1473 2996; x_wconf 88' lang='lat' dir='ltr'>cogi·</span> 
     </span>
     <span class='ocr_line' id='line_1_25' title="bbox 300 3006 721 3100; baseline 0.002 -23"><span class='ocrx_word' id='word_1_171' title='bbox 300 3012 453 3100; x_wconf 82' lang='lat' dir='ltr'>teretur).</span> <span class='ocrx_word' id='word_1_172' title='bbox 719 3006 721 3013; x_wconf 48' lang='lat'><strong>¹</strong></span> 
     </span>
    </p>

    <p class='ocr_par' dir='ltr' id='par_1_11' title="bbox 298 3120 1475 4167">
     <span class='ocr_line' id='line_1_26' title="bbox 387 3120 1471 3209; baseline 0.004 -24"><span class='ocrx_word' id='word_1_173' title='bbox 387 3120 477 3185; x_wconf 87' lang='lat' dir='ltr'>Idem</span> <span class='ocrx_word' id='word_1_174' title='bbox 493 3121 563 3187; x_wconf 88' lang='lat' dir='ltr'>iere</span> <span class='ocrx_word' id='word_1_175' title='bbox 580 3121 620 3188; x_wconf 92' lang='lat' dir='ltr'>de</span> <span class='ocrx_word' id='word_1_176' title='bbox 635 3123 810 3208; x_wconf 88' lang='lat' dir='ltr'>primulum</span> <span class='ocrx_word' id='word_1_177' title='bbox 822 3124 980 3190; x_wconf 87' lang='lat' dir='ltr'>adverbio</span> <span class='ocrx_word' id='word_1_178' title='bbox 995 3124 1169 3189; x_wconf 89' lang='lat' dir='ltr'>dicendum</span> <span class='ocrx_word' id='word_1_179' title='bbox 1183 3131 1243 3207; x_wconf 90' lang='lat' dir='ltr'>est,</span> <span class='ocrx_word' id='word_1_180' title='bbox 1257 3122 1343 3209; x_wconf 89' lang='lat' dir='ltr'>quod</span> <span class='ocrx_word' id='word_1_181' title='bbox 1358 3129 1471 3189; x_wconf 85' lang='lat' dir='ltr'>exstat</span> 
     </span>
     <span class='ocr_line' id='line_1_27' title="bbox 299 3226 1475 3316; baseline 0.003 -25"><span class='ocrx_word' id='word_1_182' title='bbox 299 3230 332 3291; x_wconf 88' lang='lat' dir='ltr'>in</span> <span class='ocrx_word' id='word_1_183' title='bbox 366 3226 454 3291; x_wconf 81' lang='lat' dir='ltr'>Friv.</span> <span class='ocrx_word' id='word_1_184' title='bbox 498 3227 559 3313; x_wconf 85' lang='lat' dir='ltr'>frg.</span> <span class='ocrx_word' id='word_1_185' title='bbox 592 3228 700 3295; x_wconf 87' lang='lat' dir='ltr'>VIII:</span> <span class='ocrx_word' id='word_1_186' title='bbox 748 3231 842 3295; x_wconf 78' lang='lat' dir='ltr'>Tunc</span> <span class='ocrx_word' id='word_1_187' title='bbox 866 3230 1018 3316; x_wconf 86' lang='lat' dir='ltr'>¹papillae</span> <span class='ocrx_word' id='word_1_188' title='bbox 1051 3229 1225 3316; x_wconf 92' lang='lat' dir='ltr'>primulum</span> <span class='ocrx_word' id='word_1_189' title='bbox 1260 3228 1475 3295; x_wconf 72' lang='lat' dir='ltr'>sororiabant</span> 
     </span>
     <span class='ocr_line' id='line_1_28' title="bbox 303 3331 1467 3401; baseline 0.004 -6"><span class='ocrx_word' id='word_1_190' title='bbox 303 3372 342 3383; x_wconf 89' lang='lat'>-</span> <span class='ocrx_word' id='word_1_191' title='bbox 365 3331 450 3397; x_wconf 91' lang='lat' dir='ltr'>illud</span> <span class='ocrx_word' id='word_1_192' title='bbox 472 3334 562 3398; x_wconf 88' lang='lat' dir='ltr'>volui</span> <span class='ocrx_word' id='word_1_193' title='bbox 586 3333 694 3401; x_wconf 87' lang='lat' dir='ltr'>dicere</span> <span class='ocrx_word' id='word_1_194' title='bbox 719 3372 758 3381; x_wconf 86' lang='lat'><em>-</em></span> <span class='ocrx_word' id='word_1_195' title='bbox 783 3335 1070 3401; x_wconf 81' lang='lat' dir='ltr'>Fratereulabant.</span> <span class='ocrx_word' id='word_1_196' title='bbox 1110 3335 1238 3401; x_wconf 85' lang='lat' dir='ltr'>Deinde</span> <span class='ocrx_word' id='word_1_197' title='bbox 1262 3356 1336 3400; x_wconf 90' lang='lat' dir='ltr'>cum</span> <span class='ocrx_word' id='word_1_198' title='bbox 1360 3335 1467 3400; x_wconf 87' lang='lat' dir='ltr'>verbis</span> 
     </span>
     <span class='ocr_line' id='line_1_29' title="bbox 299 3438 1474 3524; baseline 0.002 -21"><span class='ocrx_word' id='word_1_199' title='bbox 299 3438 477 3504; x_wconf 86' lang='lat' dir='ltr'>inchoandi</span> <span class='ocrx_word' id='word_1_200' title='bbox 510 3442 719 3507; x_wconf 90' lang='lat' dir='ltr'>coniunctum</span> <span class='ocrx_word' id='word_1_201' title='bbox 753 3447 864 3506; x_wconf 87' lang='lat' dir='ltr'>exstat</span> <span class='ocrx_word' id='word_1_202' title='bbox 896 3443 971 3506; x_wconf 81' lang='lat' dir='ltr'>Ter.</span> <span class='ocrx_word' id='word_1_203' title='bbox 996 3442 1058 3506; x_wconf 89' lang='lat' dir='ltr'>Ad.</span> <span class='ocrx_word' id='word_1_204' title='bbox 1084 3442 1166 3506; x_wconf 79' lang='lat'>289:</span> <span class='ocrx_word' id='word_1_205' title='bbox 1202 3440 1300 3507; x_wconf 86' lang='lat' dir='ltr'>Modo</span> <span class='ocrx_word' id='word_1_206' title='bbox 1333 3440 1474 3524; x_wconf 87' lang='lat' dir='ltr'>dolores,</span> 
     </span>
     <span class='ocr_line' id='line_1_30' title="bbox 299 3547 1473 3634; baseline 0 -23"><span class='ocrx_word' id='word_1_207' title='bbox 299 3553 444 3631; x_wconf 85' lang='lat' dir='ltr'>meatu,</span> <span class='ocrx_word' id='word_1_208' title='bbox 469 3548 632 3634; x_wconf 91' lang='lat' dir='ltr'>occipiunt</span> <span class='ocrx_word' id='word_1_209' title='bbox 654 3547 842 3634; x_wconf 90' lang='lat' dir='ltr'>primulum,</span> <span class='ocrx_word' id='word_1_210' title='bbox 866 3548 954 3615; x_wconf 87' lang='lat' dir='ltr'>Men.</span> <span class='ocrx_word' id='word_1_211' title='bbox 980 3549 1061 3615; x_wconf 84' lang='lat'><strong>916:</strong></span> <span class='ocrx_word' id='word_1_212' title='bbox 1086 3548 1162 3613; x_wconf 87' lang='lat' dir='ltr'>Jam</span> <span class='ocrx_word' id='word_1_213' title='bbox 1187 3548 1295 3613; x_wconf 90' lang='lat' dir='ltr'>hercle</span> <span class='ocrx_word' id='word_1_214' title='bbox 1319 3555 1473 3633; x_wconf 90' lang='lat' dir='ltr'>occeptat</span> 
     </span>
     <span class='ocr_line' id='line_1_31' title="bbox 298 3653 1473 3740; baseline 0.004 -24"><span class='ocrx_word' id='word_1_215' title='bbox 298 3654 444 3718; x_wconf 85' lang='lat' dir='ltr'>insanire</span> <span class='ocrx_word' id='word_1_216' title='bbox 477 3653 653 3740; x_wconf 89' lang='lat' dir='ltr'>primulum</span> <span class='ocrx_word' id='word_1_217' title='bbox 688 3654 760 3720; x_wconf 87' lang='lat' dir='ltr'>Mil.</span> <span class='ocrx_word' id='word_1_218' title='bbox 789 3655 889 3720; x_wconf 83' lang='lat'>1004:</span> <span class='ocrx_word' id='word_1_219' title='bbox 926 3656 1045 3721; x_wconf 89' lang='lat' dir='ltr'>Hercle</span> <span class='ocrx_word' id='word_1_220' title='bbox 1078 3677 1152 3721; x_wconf 84' lang='lat' dir='ltr'>vero</span> <span class='ocrx_word' id='word_1_221' title='bbox 1185 3658 1253 3721; x_wconf 88' lang='lat' dir='ltr'>iam</span> <span class='ocrx_word' id='word_1_222' title='bbox 1286 3654 1473 3721; x_wconf 88' lang='lat' dir='ltr'>adlubescit</span> 
     </span>
     <span class='ocr_line' id='line_1_32' title="bbox 299 3758 1471 3848; baseline 0.002 -26"><span class='ocrx_word' id='word_1_223' title='bbox 299 3758 486 3848; x_wconf 87' lang='lat' dir='ltr'>primulum,</span> <span class='ocrx_word' id='word_1_224' title='bbox 516 3760 716 3844; x_wconf 80' lang='lat' dir='ltr'>Palaestrio,</span> <span class='ocrx_word' id='word_1_225' title='bbox 751 3761 826 3826; x_wconf 79' lang='lat' dir='ltr'>Ter.</span> <span class='ocrx_word' id='word_1_226' title='bbox 852 3761 916 3828; x_wconf 80' lang='lat' dir='ltr'>Ad.</span> <span class='ocrx_word' id='word_1_227' title='bbox 941 3761 1016 3829; x_wconf 87' lang='grc'><strong>898.</strong></span> <span class='ocrx_word' id='word_1_228' title='bbox 1062 3762 1228 3827; x_wconf 87' lang='lat' dir='ltr'>Paulatim</span> <span class='ocrx_word' id='word_1_229' title='bbox 1251 3760 1381 3848; x_wconf 90' lang='lat' dir='ltr'>plebem</span> <span class='ocrx_word' id='word_1_230' title='bbox 1406 3764 1471 3848; x_wconf 91' lang='lat' dir='ltr'>pri·</span> 
     </span>
     <span class='ocr_line' id='line_1_33' title="bbox 299 3864 1473 3935; baseline 0.001 -6"><span class='ocrx_word' id='word_1_231' title='bbox 299 3864 423 3929; x_wconf 88' lang='lat' dir='ltr'>mulum</span> <span class='ocrx_word' id='word_1_232' title='bbox 446 3865 532 3931; x_wconf 81' lang='lat' dir='ltr'>facio</span> <span class='ocrx_word' id='word_1_233' title='bbox 556 3888 674 3932; x_wconf 83' lang='lat' dir='ltr'>meam.</span> <span class='ocrx_word' id='word_1_234' title='bbox 704 3868 878 3935; x_wconf 88' lang='lat' dir='ltr'>Postremo</span> <span class='ocrx_word' id='word_1_235' title='bbox 901 3867 984 3933; x_wconf 84' lang='lat' dir='ltr'>haec</span> <span class='ocrx_word' id='word_1_236' title='bbox 1007 3890 1070 3933; x_wconf 88' lang='lat' dir='ltr'>vox</span> <span class='ocrx_word' id='word_1_237' title='bbox 1094 3869 1237 3933; x_wconf 88' lang='lat' dir='ltr'>occurrit</span> <span class='ocrx_word' id='word_1_238' title='bbox 1259 3867 1345 3931; x_wconf 90' lang='lat' dir='ltr'>Men.</span> <span class='ocrx_word' id='word_1_239' title='bbox 1370 3868 1473 3933; x_wconf 81' lang='lat'>1116:</span> 
     </span>
     <span class='ocr_line' id='line_1_34' title="bbox 298 3970 1473 4060; baseline 0.003 -26"><span class='ocrx_word' id='word_1_240' title='bbox 298 3976 370 4034; x_wconf 87' lang='lat' dir='ltr'>tum</span> <span class='ocrx_word' id='word_1_241' title='bbox 395 3970 510 4037; x_wconf 88' lang='lat' dir='ltr'>dentes</span> <span class='ocrx_word' id='word_1_242' title='bbox 533 3972 614 4036; x_wconf 91' lang='lat' dir='ltr'>mihi</span> <span class='ocrx_word' id='word_1_243' title='bbox 639 3972 804 4039; x_wconf 86' lang='lat' dir='ltr'>cadebant</span> <span class='ocrx_word' id='word_1_244' title='bbox 827 3974 1014 4060; x_wconf 86' lang='lat' dir='ltr'>primulum,</span> <span class='ocrx_word' id='word_1_245' title='bbox 1037 3973 1095 4037; x_wconf 89' lang='lat' dir='ltr'>ubi</span> <span class='ocrx_word' id='word_1_246' title='bbox 1121 3972 1357 4039; x_wconf 88' lang='lat' dir='ltr'>Menaechmus</span> <span class='ocrx_word' id='word_1_247' title='bbox 1380 3995 1473 4038; x_wconf 87' lang='lat' dir='ltr'>more</span> 
     </span>
     <span class='ocr_line' id='line_1_35' title="bbox 298 4078 928 4167; baseline 0.006 -26"><span class='ocrx_word' id='word_1_248' title='bbox 298 4078 474 4146; x_wconf 86' lang='lat' dir='ltr'>infantium</span> <span class='ocrx_word' id='word_1_249' title='bbox 499 4078 750 4167; x_wconf 76' lang='grc' dir='ltr'><em>ὑποκοριστικῶς</em></span> <span class='ocrx_word' id='word_1_250' title='bbox 772 4081 928 4166; x_wconf 89' lang='lat' dir='ltr'>loquitur.</span> 
     </span>
    </p>
   </div>
   <div class='ocr_carea' id='block_1_5' title="bbox 390 4305 1270 4381">
    <p class='ocr_par' dir='ltr' id='par_1_12' title="bbox 390 4305 1270 4381">
     <span class='ocr_line' id='line_1_36' title="bbox 390 4305 1270 4381; baseline 0.003 -20"><span class='ocrx_word' id='word_1_251' title='bbox 390 4305 411 4370; x_wconf 80' lang='lat'>¹)</span> <span class='ocrx_word' id='word_1_252' title='bbox 430 4307 462 4365; x_wconf 88' lang='lat' dir='ltr'>L.</span> <span class='ocrx_word' id='word_1_253' title='bbox 480 4309 587 4381; x_wconf 88' lang='lat' dir='ltr'>Apuleii</span> <span class='ocrx_word' id='word_1_254' title='bbox 607 4310 694 4381; x_wconf 87' lang='lat' dir='ltr'>Opera</span> <span class='ocrx_word' id='word_1_255' title='bbox 713 4309 811 4378; x_wconf 86' lang='lat' dir='ltr'>omnia,</span> <span class='ocrx_word' id='word_1_256' title='bbox 828 4307 869 4367; x_wconf 85' lang='lat' dir='ltr'>ed.</span> <span class='ocrx_word' id='word_1_257' title='bbox 886 4306 1062 4362; x_wconf 86' lang='lat' dir='ltr'>Hildcbraud.</span> <span class='ocrx_word' id='word_1_258' title='bbox 1098 4308 1171 4380; x_wconf 87' lang='lat' dir='ltr'>Lips.</span> <span class='ocrx_word' id='word_1_259' title='bbox 1191 4310 1270 4365; x_wconf 79' lang='lat'>1842.</span> 
     </span>
    </p>
   </div>
   <div class='ocr_carea' id='block_1_6' title="bbox 0 0 1592 4984">
    <p class='ocr_par' dir='ltr' id='par_1_13' title="bbox 0 0 1592 4984">
     <span class='ocr_line' id='line_1_37' title="bbox 0 0 1592 4984; baseline 0 2"><span class='ocrx_word' id='word_1_260' title='bbox 0 0 1592 4984; x_wconf 95' lang='lat' dir='ltr'> </span> 
     </span>
    </p>
   </div>
  </div>
 </body>
</html>
