3175 4984
580 363 822 430 «lam-

118 562 230 625 exstat
259 558 315 641 qui
345 554 497 621 ducentis
528 557 623 620 annis
654 552 856 620 antecedunt
885 553 963 618 illas
997 575 1095 620 voces
1117 554 1295 641 (seniculus

118 671 156 731 et
178 662 275 747 axis),
298 662 408 727 elucet
429 661 624 727 femininum
646 663 829 747 genuinum
853 680 925 725 esse
948 680 1063 747 mnus.

210 770 273 835 Sed
298 767 386 833 unde
409 768 492 833 haec
524 774 596 833 orta
629 775 680 834 est
709 766 919 854 implicatio?
964 767 1065 832 Initio
1096 769 1182 832 assis
1204 766 1294 853 (fem.

117 880 209 963 gen.)
232 874 587 955 uubehauenesBrett,
611 874 715 939 Bohle
740 873 910 955 etassula,
935 873 1060 961 Spahn‚
1084 876 1294 939 exstiterunt.

122 981 251 1049 Deinde
275 984 360 1047 assis
384 1004 445 1046 vox
477 981 576 1046 alteri
603 984 676 1046 axis
706 977 825 1068 (ἄξων)
855 981 960 1045 forma
988 989 1022 1044 et
1053 979 1295 1066 significatione

117 1089 308 1154 simillimae
332 1092 476 1173 aequata
498 1093 560 1175 est,
584 1090 634 1153 ita
657 1094 694 1152 ut
714 1087 1296 1174 assisiam.gen.a1ismaso.facta

118 1198 176 1260 sit.
224 1194 508 1259 Deminutivorum
531 1193 675 1259 alterum
698 1194 860 1260 assiculus
882 1194 1007 1259 factum
1031 1200 1083 1258 est
1106 1196 1169 1260 etsi
1192 1214 1295 1278 genus

119 1325 184 1367 non
209 1307 319 1365 tamen
343 1322 365 1365 x
387 1300 533 1365 litteram
557 1301 719 1387 primitivi
749 1301 808 1387 (ob
833 1300 1087 1386 cacophoniam)
1118 1302 1294 1386 accipiens,

121 1407 262 1474 alterum
278 1429 299 1472 a
314 1406 459 1473 Senecae
477 1407 679 1493 temporibus
697 1406 864 1495 (h)astula
879 1405 1065 1473 Staebchen
1089 1428 1169 1472 voce
1191 1408 1295 1491 scrip·

120 1521 208 1579 tores
234 1512 459 1579 confuderunt.
505 1513 563 1579 Ita
585 1512 654 1580 Ser'.
680 1512 816 1580 Clodius
839 1511 959 1578 Scriba
989 1515 1296 1578 commentariorum

119 1620 204 1687 libro
228 1626 345 1705 quarto
369 1619 457 1706 apud
474 1618 627 1685 Servium
651 1618 694 1683 ed
710 1618 794 1683 Aen.
810 1619 840 1703 1,
861 1619 924 1683 176
947 1641 1005 1705 pro
1021 1619 1152 1685 fomites
1167 1618 1296 1684 astulae

119 1726 295 1791 ambustae
318 1728 422 1812 ponit,
445 1731 484 1790 ut
506 1725 593 1790 hano
617 1747 730 1791 vocem
755 1725 908 1811 explicet.

212 1832 322 1897 Plaut.
346 1831 439 1917 Gapt.
458 1832 522 1899 832
545 1829 683 1918 Aperite
707 1832 806 1897 hasce
830 1832 947 1897 ambas
969 1832 1051 1897 foris
1074 1831 1169 1897 Prius
1197 1852 1296 1916 quam

122 1935 281 2026 pultando
313 1936 487 2004 assulatim
516 1937 644 2004 loribus
675 1940 814 2003 exitium
836 1938 961 2004 adfero.
1008 1938 1096 2004 Men.
1120 1938 1185 2005 859
1214 1935 1297 2005 Osse

118 2044 180 2109 fini
202 2042 365 2110 dedolabo
389 2044 565 2110 assulatim
589 2046 725 2111 viscera.
764 2045 868 2113 Mero.
896 2046 968 2111 129.
1015 2044 1064 2110 At
1080 2048 1181 2111 etiam
1197 2042 1296 2111 asto?

119 2157 159 2217 at
183 2153 285 2217 etiam
310 2172 400 2217 cesso
428 2150 555 2216 loribus
587 2152 697 2217 fecere
728 2151 820 2217 hisce
853 2151 1007 2217 assulas?
1053 2151 1172 2219 Furius
1195 2150 1296 2215 Biba-

123 2257 216 2322 culus
240 2279 292 2343 ap.
316 2255 409 2325 Suet.
439 2256 478 2321 de
503 2279 639 2343 gramm.
664 2279 691 2323 c.
714 2258 785 2324 XI:
819 2256 931 2343 Siquis
963 2259 1049 2323 forte
1079 2260 1145 2322 mei
1175 2256 1297 2322 donum

120 2362 260 2429 Catonis
283 2363 442 2449 Depiotas
465 2365 566 2427 minio
591 2363 729 2442 assulas,
760 2370 794 2429 et
815 2362 894 2428 illos
918 2360 1081 2429 Custodes
1103 2362 1197 2429 videt
1221 2364 1297 2429 hor·
1433 2427 1437 2431 Α

121 2468 186 2533 tuli
210 2470 348 2555 Priapos
377 2508 419 2516 -
448 2467 622 2533 mirabitur
647 2492 675 2535 e.
700 2492 730 2555 q.
754 2492 780 2537 s.
828 2470 959 2538 Vitrur.
984 2470 1062 2554 VII,
1095 2472 1126 2556 6,
1152 2472 1182 2554 1,
1214 2469 1297 2539 Gae-

124 2580 238 2640 menta
261 2596 444 2640 marmorea
467 2577 537 2640 sive
561 2575 689 2642 assulae
713 2575 877 2642 dicuntur.

212 2680 336 2767 catulo,
361 2679 574 2747 Oalthakleid
597 2689 630 2748 et
654 2684 823 2766 crocotula,
846 2681 1073 2750 Orocoskleid.
1100 2682 1196 2770 Epid.
1221 2684 1296 2751 231.

17 2828 19 2833 -
120 2788 251 2853 Nonius
274 2787 482 2875 Marcellus¹)
507 2810 576 2874 cap.
599 2788 713 2870 XVII,
747 2789 837 2875 quod
860 2796 913 2855 est
940 2789 981 2856 de
1012 2789 1174 2856 coloribus
1197 2791 1297 2856 vesti·

121 2899 317 2976 mentorum,
347 2894 430 2959 haec
454 2892 562 2959 affert:
596 2894 764 2961 Oaltulam
787 2901 823 2959 et
846 2895 1043 2961 crocotulam
1071 2900 1245 2981 utrumque
1278 2917 1298 2962 a

120 3000 296 3083 generibus
320 2999 435 3065 florum
459 2999 658 3065 translatum
682 3023 702 3065 a
726 3000 816 3066 calta
840 3007 875 3067 et
898 3022 1039 3067 aoroco.
1078 3000 1248 3090 Vergilius
1263 3005 1298 3067 in

123 3105 290 3170 Bucolicis
306 3105 369 3191 (ΙΙ,
386 3106 456 3188 50)τ
477 3106 619 3191 Pinguia
631 3105 758 3172 luteola
774 3110 883 3193 pingit
898 3110 1049 3173 vaccinia
1064 3107 1163 3175 calta.
1187 3108 1299 3177 Plaut.

122 3213 158 3276 in
188 3210 301 3298 Epid.=
337 3211 553 3296 lndusiatam,
584 3214 804 3300 patagiatam,
838 3214 996 3279 caltulam
1030 3222 1064 3282 et
1096 3215 1298 3281 crocotulam

120 3339 150 3382 e.
175 3339 206 3402 q.
230 3339 256 3383 s.
305 3317 381 3385 Sed.
407 3318 566 3384 caltulam
589 3320 695 3385 Varro
720 3320 763 3385 de
785 3322 860 3386 vita
888 3343 963 3408 pop.
987 3321 1298 3409 Rom.lib.1pal·

122 3423 245 3489 leolum
267 3425 368 3491 breve
391 3425 500 3492 voluit
522 3426 655 3496 haberi:
680 3427 806 3493 caltola
830 3433 880 3493 est
895 3427 1066 3513 palliolum
1084 3429 1298 3515 praecinctui‚

122 3552 188 3615 quo
214 3529 320 3596 nudae
344 3532 431 3596 infra
453 3533 597 3618 papillae
620 3536 899 3619 praecinguntur3
931 3555 995 3619 quo
1028 3533 1182 3598 mulieres
1214 3556 1299 3600 nuno

122 3644 158 3701 et
182 3658 220 3702 eo
244 3640 351 3723 magis
375 3643 524 3724 utuntur,
556 3644 732 3724 postquam
757 3639 924 3705 subuculis
948 3638 1129 3706 desierunt.
1175 3640 1221 3705 Et
1243 3640 1300 3705 ho·

125 3746 230 3809 mines
261 3744 464 3810 effeminatos
497 3743 661 3831 κροκωτόν
692 3748 872 3831 sumpsisse
906 3744 1026 3814 Athen.
1058 3745 1138 3829 XII,
1173 3745 1239 3813 519
1270 3768 1298 3816 c.
1421 3834 1423 3837 Ι

123 3857 246 3917 namet.
273 3851 331 3937 (cl.
354 3851 457 3917 Arist.
481 3850 567 3917 Ran.
591 3873 622 3916 r.
645 3851 714 3938 46).

213 3961 399 4043 dammulae,
422 3957 551 4025 kleiner
574 3956 724 4027 Guertel.
770 3957 890 4025 Bacch.
913 3960 991 4030 432.

214 4219 236 4289 ¹)
265 4218 339 4275 Noni
357 4220 476 4275 Marcelli
495 4218 681 4293 compendiosa
700 4220 820 4277 doctrina
844 4221 996 4278 emendarit
1021 4229 1048 4276 et
1076 4221 1215 4279 adnotavit
1232 4225 1298 4284 Luc.

121 4310 275 4365 Muellerus.
307 4310 400 4365 Partes
418 4310 456 4368 Π.
487 4310 560 4382 Lips.
580 4312 658 4367 1888.
