3175 4984
550 366 790 435 ⁴<29>÷

82 564 208 648 poscat,
231 564 330 646 parat
353 557 555 647 (meretrix):
588 559 661 625 Aut
683 579 798 625 aurum
822 560 932 646 periit,
967 565 1025 624 aut
1058 561 1259 623 conscissast

81 666 221 755 pallula3
245 665 326 733 ibid.
350 666 433 731 271,
459 666 548 740 Quia
564 666 627 731 tibi
651 668 785 731 insuaso
809 667 954 731 infecisti
971 665 1171 752 propudiosa
1185 664 1257 751 pal·

79 774 193 854 lulum,
218 774 274 836 An
298 794 336 838 eo
360 772 503 839 bella’s‘?
528 771 597 838 ibid
621 772 706 840 536,
729 773 806 837 Mea
830 772 992 859 voluptas,
1025 774 1125 837 attuli
1147 793 1258 837 eccam

81 879 239 967 pallulam
264 900 306 944 ex
328 880 476 965 Phrygia
499 879 572 946 tibi.

170 988 345 1054 sandaliam
369 983 580 1072 (σανδάλιον),
607 985 784 1053 Ter-lum.
803 985 911 1052 1028,
935 985 1074 1051 Utinam
1089 984 1154 1049 tibi
1171 1007 1256 1050 com·

83 1096 232 1180 mitigari
255 1092 385 1157 videam
409 1092 559 1157 sandalio
584 1097 692 1179 caput.

172 1203 327 1267 laniculo:
348 1198 434 1269 Rud.
459 1198 547 1265 549,
575 1199 669 1263 Eheu
691 1200 843 1264 redactus
867 1219 939 1263 sum
962 1218 1065 1285 usque
1089 1198 1131 1263 ad
1157 1220 1258 1262 unam

82 1308 168 1372 hano
192 1305 376 1370 tuniculam
398 1306 444 1370 Et
474 1305 516 1370 ad
548 1305 610 1371 hoo
641 1305 804 1371 misellum
833 1305 981 1392 pallium,
1013 1306 1095 1391 perii
1126 1302 1257 1391 oppido.

173 1414 352 1477 Praeterea
375 1413 588 1478 inveniuntur
612 1414 783 1498 pittacium
818 1409 1010 1500 (πιττάκιον)
1034 1411 1152 1476 Laber.
1176 1433 1258 1479 com.

81 1521 141 1603 61,
165 1519 269 1584 ricula
286 1520 387 1605 Turp.
407 1520 462 1604 14,
479 1519 692 1604 stalagmium
709 1517 744 1606 (a
760 1516 942 1603 στοίλαχρα)
958 1517 1056 1585 (laec.
1072 1517 1159 1587 Stat.
1178 1517 1259 1599 106,

82 1625 198 1710 togula
223 1626 324 1689 Titin.
352 1626 430 1709 138,
456 1631 489 1691 et
512 1623 599 1711 apud
613 1624 776 1691 Catullum
803 1624 985 1709 strophium
1002 1621 1187 1711 (στρόφιον)
1205 1624 1258 1705 64,

84 1732 204 1796 zonula
240 1730 275 1819 (a
307 1730 418 1819 ζώνη).
468 1732 596 1797 Graeca
625 1730 745 1798 haece:
780 1729 954 1818 βακτὴριον
983 1730 1045 1799 Ar.
1067 1729 1150 1796 Ach.
1182 1729 1258 1810 448,

83 1836 248 1907 δακτύλιος
270 1839 350 1902 Luc.
378 1839 418 1918 7.,
443 1836 555 1911 (mulos
587 1838 734 1924 Alciphr.
766 1837 794 1922 Ι,
827 1839 889 1924 39,
922 1836 1109 1923 δερίστριον
1138 1836 1259 1905 Eubul.

86 1944 170 2025 103„
195 1943 336 2009 inclusos
360 1943 448 2011 Orat.
472 1947 537 2009 iun.
563 1945 602 2030 5,
626 1944 785 2031 καρκίνιον
807 1943 954 2014 Herond.
981 1946 1021 2025 7.,
1046 1941 1180 2009 ὀδόνιον
1200 1942 1259 2012 Ar.

82 2048 167 2119 Ach.
194 2051 297 2136 1176,
328 2049 463 2114 πιλίδιον
491 2051 549 2115 Ar.
585 2051 668 2117 Aah.
704 2052 789 2133 439,
824 2049 935 2139 ῥάκιον
964 2050 1022 2118 Ar.
1054 2049 1137 2115 Ach.
1173 2049 1259 2133 412,

82 2157 295 2244 σαμβαλίσκος
317 2157 464 2224 Herond.
489 2163 509 2224 7
534 2159 661 2224 aeolica
684 2159 828 2225 dialecto
853 2158 1032 2225 vocabatur
1052 2154 1260 2225 σανδαλίσκος

83 2264 157 2353 (Ar.
182 2265 265 2330 Ran.
290 2264 387 2348 405),
412 2263 583 2330 σανδάλιον
607 2265 787 2351 Antiphan.
814 2265 895 2348 190,
918 2262 1087 2349 σκευάριον
1102 2264 1161 2328 Ar.
1174 2261 1259 2325 Ach.

81 2371 166 2454 451,
198 2368 368 2457 στεράνιον
392 2371 466 2436 Alo.
487 2371 515 2455 Ι,
546 2373 608 2452 36,
640 2369 873 2457 ταραντινίδιον
902 2371 981 2436 Luc.
1013 2370 1049 2452 7,
1087 2365 1261 2455 τριβώνιον

83 2476 246 2559 Alunt,
277 2477 337 2560 40,
371 2474 566 2561 χιτιννάριον
595 2476 768 2541 Menandr.
803 2477 886 2560 727,
921 2474 1073 2564 χιτοίνιον
1105 2476 1187 2543 Luc.
1219 2478 1262 2557 7,

83 2581 279 2670 χιτωνίσκος,
303 2583 383 2648 Luc.
411 2586 451 2668 7,
481 2580 657 2670 χλαμύδιον
680 2583 754 2649 Alc.
779 2584 809 2664 Ι,
843 2584 904 2667 38,
933 2582 1096 2671 χλανίδιον
1126 2582 1196 2649 Alc.
1230 2581 1261 2663 Ι,

84 2692 144 2774 38,
178 2688 359 2776 χλανίσκιον
391 2693 448 2758 Ατ.
474 2690 557 2758 Ach.
582 2690 658 2756 519.
703 2691 805 2757 Plura
828 2692 862 2754 in
886 2690 1033 2756 Pollucis
1058 2690 1260 2755 Onomastici

84 2795 168 2861 libro
194 2796 271 2861 Vll.
297 2800 453 2866 invenies.

196 2930 227 2993 3.
252 2918 314 2992 Ad
330 2929 578 3015 supellectilem,
604 2949 705 3009 arma,
728 2929 837 2992 lusum
860 2933 1015 3014 spectant
1038 2927 1139 2992 haec:
1210 2918 1215 2925 ’

175 3038 366 3117 oerumnulu,
390 3034 486 3099 Paul.
511 3035 602 3102 Fest.
626 3058 658 3119 p.
672 3034 731 3097 24,
755 3034 977 3099 Aerumnulas
995 3034 1135 3098 Plautus
1160 3034 1263 3099 refert

85 3139 243 3223 furcillas,
268 3142 388 3225 quibus
412 3141 569 3226 religatas
597 3142 742 3205 sarcinas
772 3144 914 3206 viatores
943 3139 1127 3228 gerebant.
1145 3192 1153 3207 .
1170 3190 1179 3207 .
1196 3140 1262 3204 Ita-

86 3268 149 3333 que
174 3268 351 3311 aerumnae
375 3246 504 3312 labores
530 3268 683 3311 onerosos
708 3246 906 3334 significant.

175 3358 321 3441 ampulla,
344 3354 446 3419 Merc.
465 3353 544 3417 927,
570 3353 664 3418 Tollo
689 3354 868 3441 ampullam
885 3359 982 3437 atque
1005 3352 1081 3417 hinc
1097 3374 1144 3420 eo.
1168 3353 1261 3417 Pers.

90 3462 170 3526 124,
196 3458 356 3543 Cynicum
382 3482 452 3525 esse
477 3466 628 3548 egentem
662 3467 791 3547 oportet
820 3463 1004 3548 parasitum
1036 3458 1149 3545 probe:
1181 3459 1261 3523 Am-

87 3567 221 3655 pullam,
260 3566 432 3651 strigilem,
471 3568 651 3654 scaphium,
691 3590 814 3651 soccos,
853 3568 1002 3654 pallium,
1036 3566 1261 3652 Marsuppium

87 3672 218 3741 habeat.
267 3671 370 3738 Stich.
394 3674 480 3739 228,
511 3672 750 3758 Robiginosam
774 3674 939 3759 strigilim,
972 3673 1151 3759 ampullam
1174 3671 1262 3736 rubi-

89 3780 163 3844 dam
202 3778 257 3844 Ad
296 3781 468 3844 unctiones
508 3800 646 3865 graecas
692 3779 877 3846 sudatorias
911 3779 1028 3845 Vende
1068 3779 1120 3845 rel
1164 3778 1263 3842 lalias

89 3886 234 3950 malacae
259 3885 473 3971 crapularias.

177 3997 389 4078 amartolum,
415 3994 511 4059 Truc.
530 3992 590 4060 55:
615 3994 685 4058 Aut
708 3993 885 4059 armariola
902 3992 1032 4058 Graeca
1056 3997 1115 4056 aut
1139 4028 1178 4038 -
1204 3990 1262 4054 ali·

88 4095 166 4186 quid
191 4120 319 4185 semper
342 4105 403 4181 est,
428 4099 524 4174 Quod
550 4098 679 4165 deferat
710 4099 873 4183 dedatquc
905 4120 1020 4180 amans
1053 4103 1161 4163 scorto
1193 4117 1262 4162 suo.

176 4207 392 4281 carbunculos,
415 4206 511 4274 Most.
527 4207 612 4276 974,
637 4207 693 4293 qui
708 4229 814 4291 ,quom
837 4209 944 4272 istaec
968 4206 1053 4269 sciet
1075 4203 1181 4269 Facta
1203 4205 1263 4284 ita,

89 4311 239 4377 amburet
263 4315 293 4376 ei
317 4315 436 4377 misero
463 4312 627 4378 corculum
652 4312 881 4380 carbunculus.
