3175 4984
780 298 1021 368 «cose

410 499 553 580 celocula,
568 494 640 563 Mil.
656 496 752 565 1006.
776 495 861 559 Tum
877 494 960 560 haec
974 494 1123 560 celocula
1137 496 1197 561 illa
1212 498 1351 564 absente
1367 499 1495 586 subigit

321 624 384 686 me,
412 612 448 669 ut
471 624 586 667 amem.

410 712 527 794 esula,
550 712 673 792 cistella,
697 710 841 777 cistellula
864 718 968 774 voces
987 715 1021 773 et
1043 708 1097 773 hic
1120 710 1330 777 nominentur
1360 735 1495 780 necesse

322 821 382 897 est,
417 837 488 880 eum
525 814 659 880 dubium
695 818 748 895 sit,
783 814 930 879 habeant
963 818 1029 878 vim
1063 813 1344 903 hypocoristicam
1380 842 1494 887 necne.

323 921 469 997 Quarum
496 921 667 1001 „cistella“
698 921 950 986 usitatissimam
981 923 1084 987 fuisse
1120 944 1239 1009 magno
1272 927 1495 1013 exemplorum

322 1050 454 1092 numero
488 1037 521 1094 et
552 1028 649 1093 titulo
683 1028 817 1093 fabulae
843 1027 1093 1111 „Cistellariae“
1126 1027 1381 1097 demonstratur.
1428 1032 1499 1098 Sed

322 1156 398 1199 cum
422 1156 531 1199 omnes
556 1133 694 1200 eandem
718 1136 882 1199 notionem
905 1132 1052 1199 habeant
1073 1143 1107 1199 et
1123 1156 1236 1199 omnes
1253 1137 1367 1203 eadem
1382 1140 1498 1205 fabula

323 1240 511 1320 offerantur,
545 1246 690 1327 apparet,
729 1241 893 1305 Romanos
928 1246 997 1305 tres
1031 1244 1129 1305 unius
1161 1245 1273 1329 stirpis
1310 1252 1342 1309 ct
1374 1246 1497 1331 signifi-

323 1349 461 1412 cationis
492 1369 591 1413 voces
622 1347 719 1413 simul
751 1354 785 1411 et
817 1350 999 1433 promiscue
1031 1367 1219 1433 usurpasse.
1273 1350 1357 1417 Rud.
1394 1354 1497 1419 1082:

323 1452 510 1540 Crepundia
545 1455 604 1519 isti
636 1454 779 1541 (mulieri
814 1452 1020 1539 Palaestrae)
1052 1456 1088 1518 in
1124 1456 1192 1519 ista
1224 1457 1343 1522 cistula
1371 1461 1498 1543 insunt,

323 1581 407 1644 qnae
438 1562 495 1624 isti
527 1563 613 1626 inest
645 1564 677 1623 in
702 1559 832 1643 vidulo;
863 1559 943 1624 ibid.
970 1560 1073 1625 1109:
1107 1559 1281 1627 (listellam
1304 1566 1361 1629 isti
1385 1568 1496 1630 inesse

324 1673 454 1753 oportet·
478 1666 636 1734 caudeam
659 1669 692 1731 in
709 1670 774 1732 isto
791 1666 919 1750 vidulo,
943 1667 1024 1731 ibid.
1044 1667 1143 1734 1078:
1167 1668 1230 1733 Isti
1251 1666 1394 1759 (vidulo)
1410 1675 1498 1736 inest

323 1772 489 1838 cistellula
512 1773 619 1837 Huius
642 1773 799 1859 mulieris,
833 1772 1076 1860 quamdudum
1113 1773 1182 1838 dixi
1212 1775 1315 1841 fuisse
1346 1776 1497 1842 liberam.

323 1880 496 1943 Terentius
534 1879 661 1945 cistella
692 1882 781 1943 vocis
815 1879 999 1965 exemplum
1035 1879 1129 1945 affert
1161 1883 1196 1944 in
1219 1880 1378 1947 Eunucho
1414 1883 1498 1950 753:

324 1983 392 2049 Abi
415 1991 462 2068 tu,
486 1985 657 2067 cistellam,
682 1984 831 2070 Pythias,
855 1986 950 2053 domo
975 1987 1063 2051 ecfer
1088 2008 1162 2051 cum
1185 1992 1413 2053 monumentis.

413 2096 553 2159 crumilla
578 2090 900 2177 „Geldbsutelchen“
927 2114 947 2157 a
971 2114 1125 2157 crumena
1141 2094 1230 2158 Pers.
1256 2093 1336 2160 687:
1359 2091 1411 2158 Ne
1433 2116 1499 2159 non

324 2203 377 2263 sat
401 2219 501 2280 esses,
526 2200 612 2285 leno,
637 2198 670 2262 id
694 2199 867 2265 metuebas
897 2202 1006 2282 miser,
1038 2199 1181 2285 Impure,
1213 2221 1321 2282 avare,
1354 2222 1394 2265 ne
1428 2223 1498 2266 cru·

325 2304 450 2371 millam
474 2304 667 2371 amitteres?

414 2413 562 2479 toldello
578 2413 868 2493 ,Matraetzchen“
887 2434 908 2477 a
924 2411 1098 2502 culcit(r)a,
1123 2413 1278 2479 culcitula
1293 2414 1392 2479 Most.
1417 2414 1497 2481 882:
1551 2479 1552 2482 ,

325 2519 429 2583 Novit
453 2540 525 2582 erus
549 2541 610 2583 me.
633 2556 677 2567 —
701 2518 803 2583 Suam
826 2519 956 2604 quidem
980 2520 1035 2605 pol
1058 2520 1262 2585 culcitellam
1286 2527 1425 2606 oportet.

416 2629 577 2710 enemim,
610 2623 716 2689 Rud:
751 2626 927 2693 1156-60
955 2626 1148 2690 Ensiculust
1171 2625 1324 2690 aureolus
1356 2630 1498 2711 primum
1551 2651 1552 2654 ¹

326 2732 501 2798 litteratus.
521 2770 564 2780 -
580 2732 750 2815 Dicedum,
774 2735 808 2796 in
834 2755 871 2798 eo
896 2733 1042 2798 ensiculo
1067 2733 1249 2798 litterarum
1266 2730 1345 2816 quid
1362 2730 1437 2796 est?
1455 2770 1501 2780 -

326 2838 393 2905 Mei
415 2842 516 2925 patris
540 2860 657 2905 nomen
677 2890 683 2904 .
702 2887 709 2903 .
728 2892 736 2907 .
753 2840 817 2905 Dic
839 2842 872 2904 in
898 2839 1043 2905 ensiculo
1067 2838 1147 2925 qnid
1171 2860 1290 2903 nomen
1313 2844 1365 2901 est
1386 2844 1501 2925 pater-

328 2946 432 3011 num?
478 2946 558 3014 ibid.
585 2947 685 3012 1169:
710 2946 826 3011 Postid
848 2952 982 3015 ensiculo
1003 2947 1205 3035 argenteola,
1232 2945 1291 3010 ubi
1313 2943 1499 3010 Schaellius

326 3052 488 3116 Prisciani
512 3052 607 3137 (luet.
632 3052 698 3135 III,
722 3076 753 3138 p.
780 3052 854 3135 115,
881 3052 920 3117 18
943 3050 991 3138 Η)
1015 3056 1207 3118 testimonio
1232 3056 1323 3116 nisus
1347 3049 1500 3114 ensicula

325 3179 440 3222 vocem
465 3161 619 3223 restituit.

412 3265 531 3349 sucula,
563 3264 655 3328 Pers.
679 3264 762 3330 515:
794 3265 894 3348 Tace,
918 3264 1129 3347 stultiloque:
1162 3266 1271 3328 nescis
1304 3281 1403 3348 quam
1434 3261 1501 3326 tibi

326 3369 475 3435 Fortuna
498 3370 639 3436 faculam
663 3371 815 3436 lucrifera
839 3368 991 3435 adlucere
1015 3370 1092 3435 volt.
1501 3452 1507 3461 Ι
1551 3353 1552 3362 ¹

409 3480 577 3561 flabellum,
602 3477 676 3544 Ter.
699 3477 792 3545 Eum.
817 3476 901 3542 595:
926 3474 1015 3563 (lape
1038 3475 1101 3541 hoc
1120 3474 1301 3559 flabellum,
1328 3475 1501 3541 ventulum

327 3582 404 3648 huic
427 3586 475 3648 sic
497 3584 609 3665 facito,
633 3583 709 3649 dum
734 3585 897 3669 lavamur3
920 3583 1001 3651 ibid.
1020 3585 1099 3651 602:
1124 3604 1185 3671 ego
1207 3582 1295 3647 limis
1312 3587 1426 3667 specto
1443 3580 1500 3647 Sic

327 3708 384 3776 per
415 3688 583 3755 flabellum
613 3690 808 3757 clanculum.
866 3692 909 3759 Et
933 3694 1124 3776 flabellulum
1166 3695 1277 3755 exstat
1307 3688 1391 3752 uun.
1415 3687 1498 3753 598:

327 3795 531 3861 flabellulum
563 3803 686 3881 tenere,
720 3797 807 3885 quod
840 3821 857 3863 e
885 3798 1054 3864 flabellum
1086 3800 1226 3863 correxit
1250 3793 1498 3860 Fleckeisenuu
1551 3757 1553 3848 l

417 3904 545 3984 libellus,
568 3904 689 3977 Pseud.
714 3906 796 3974 706:
828 3906 868 3973 In
891 3905 1005 3970 libello
1029 3903 1092 3969 hoo
1114 3905 1289 3990 obsignato
1313 3901 1378 3966 huc
1400 3899 1499 3966 attuli

328 4010 521 4095 pauxillulo.

416 4120 589 4201 laterculus,
612 4119 714 4190 Poen.
738 4120 820 4189 352:
845 4118 988 4207 Opsecro
1011 4118 1132 4196 hercle,
1156 4122 1192 4182 ut
1214 4115 1324 4181 mulsa
1338 4116 1497 4201 loquitur.

329 4221 419 4286 Nihil
443 4226 507 4289 nisi
529 4225 724 4292 laterculum
750 4226 923 4293 Sesumam
948 4245 1219 4312 papaveremquc.
