3175 4984
635 357 876 423 -ΚΠἊ-

733 549 777 615 Π.

252 689 458 756 Christianus
483 689 619 756 Carolus
636 689 783 777 Reisig¹)
808 689 848 754 de
866 689 1075 754 deminutivis
1092 690 1197 755 verba
1212 691 1337 756 faciens

163 802 196 862 et
211 797 277 861 alia
293 796 425 862 ethaeo
441 794 554 863 dooet:
576 796 605 861 E
621 796 736 881 lingna
752 794 962 861 deminutivis
981 795 1169 861 abundante
1185 801 1337 862 naturam

161 901 367 988 indolemque
392 902 559 989 quandam
574 905 719 968 nationis
737 900 907 967 cuiusdam
924 903 1065 986 elucere,
1089 903 1195 968 inesse
1213 903 1338 988 aliquid

162 1012 262 1073 oomis
286 1017 386 1093 atque
409 1010 522 1074 iooosi.
569 1008 705 1074 Nullam
728 1011 876 1093 linguam
892 1008 1024 1074 Graeca
1040 1009 1224 1074 uberiorem
1250 1032 1335 1092 esse,

160 1121 268 1179 tamen
304 1118 406 1179 etiam
439 1114 605 1180 Romanos
636 1114 731 1201 plura
762 1114 969 1180 deminutiva
1000 1118 1208 1201 usurpavisse
1239 1138 1337 1201 quam

161 1242 244 1303 quae
266 1223 300 1284 in
324 1222 441 1285 lexiois
465 1220 635 1285 ferrentur.
677 1220 823 1285 Dubium
845 1243 907 1284 non
925 1242 1009 1301 esse,
1033 1224 1112 1305 quin
1130 1222 1233 1288 multa
1250 1225 1337 1286 eius-

160 1326 248 1391 modi
271 1326 437 1392 vooabula
460 1349 609 1393 sermone
634 1326 818 1393 cottidiano
842 1328 1122 1412 usitata-fuerint,
1147 1351 1231 1413 quae
1247 1352 1337 1394 num·

160 1456 257 1520 quam
281 1435 402 1500 litteris
425 1434 584 1509 mandata
606 1437 737 1501 fuerint.
786 1436 859 1512 Qua
891 1435 931 1500 de
960 1458 1062 1502 ouusa
1092 1443 1126 1501 et
1157 1436 1249 1501 nobis
1279 1458 1337 1523 per

159 1540 349 1628 analogiam
382 1540 587 1607 deminutiva
617 1542 757 1607 formare
780 1542 909 1607 licitum
933 1563 1016 1608 esse.
1066 1542 1191 1607 Tamen
1216 1549 1251 1606 et
1273 1548 1336 1606 Ro·

159 1670 274 1712 manos
298 1655 351 1713 sat
374 1669 532 1734 magnum
557 1669 668 1712 eorum
687 1669 856 1712 numerum
872 1648 1039 1731 habuisse,
1065 1646 1221 1712 efabulis
1238 1647 1336 1712 Plau·

158 1757 238 1819 tinis
271 1756 549 1840 Terentianisque
583 1755 799 1841 intellegitur,
835 1776 973 1840 quorum
1000 1778 1080 1821 usus
1104 1759 1239 1821 oomiois
1263 1780 1335 1841 pro-

158 1864 249 1947 prius
274 1867 333 1925 est.
372 1860 465 1937 Quod
489 1865 538 1926 ita
562 1883 597 1927 se
613 1861 746 1941 habere,
771 1865 974 1927 enumeratio
992 1862 1254 1948 demonstrabit3
1277 1862 1336 1927 sed

158 1974 335 2052 antequam
361 1966 402 2031 ad
428 1967 628 2033 deminutiva
650 1971 778 2055 proprie
803 1970 893 2033 diota
910 1968 1116 2053 aooedamus,
1142 1992 1181 2033 ea
1203 1990 1335 2033 enume-

158 2072 261 2138 randa
290 2078 376 2155 sunt,
412 2096 495 2158 quae
519 2096 716 2161 quamquam
741 2074 944 2140 deminutiva
966 2083 1054 2157 sunt,
1089 2098 1154 2140 non
1183 2079 1250 2139 iam
1282 2074 1335 2140 de-

160 2182 352 2244 minutionis
376 2180 650 2266 signifioationem
675 2181 801 2247 habent
832 2182 885 2245 vel
916 2204 999 2267 quae
1029 2185 1198 2248 notionem
1222 2184 1333 2269 primi-

159 2288 259 2349 tivam
283 2284 505 2373 perdiderunt.

732 2432 762 2479 a·

246 2555 379 2636 ambulo,
396 2552 514 2639 gehen,
531 2553 683 2619 wandeln
699 2555 783 2638 quod
797 2554 995 2619 vooabulum
1007 2578 1164 2644 persaepe
1180 2546 1330 2625 ooourrit.

154 2658 209 2723 Ita
232 2660 324 2724 Asin.
352 2659 415 2725 108
439 2660 511 2745 Ego
537 2681 575 2724 eo
600 2659 641 2725 ad
665 2661 780 2741 iorum,
803 2664 867 2725 nisi
892 2661 969 2746 quid
994 2666 1053 2730 vis.
1074 2656 1129 2712 ’-
1163 2665 1214 2749 Ei,
1247 2667 1332 2731 bene

156 2764 299 2835 ambula.
341 2766 460 2830 Pseud.
479 2766 563 2835 920:
588 2767 735 2832 Ambula
754 2790 831 2853 ergo
850 2770 925 2834 oito.
944 2807 985 2816 -
1004 2769 1108 2833 lmuno
1126 2774 1229 2836 otiose
1246 2772 1330 2841 volo.

154 2873 238 2938 Rud.
264 2876 339 2941 860.
386 2876 470 2959 Age,
504 2874 638 2939 ambula
661 2878 694 2939 in
719 2878 782 2943 ius.
829 2876 971 2939 Exstant
999 2875 1082 2939 haeo
1114 2875 1211 2940 huius
1242 2881 1332 2943 voois

157 2982 356 3065 composita:
392 2981 511 3045 Baoob.
537 2982 618 3046 768:
651 2980 872 3045 adambulabo
902 2981 945 3046 ad
969 2984 1100 3063 ostium,
1136 2989 1174 3046 ut
1197 2983 1329 3067 quando

156 3094 253 3176 exeat
275 3086 451 3173 Extemplo
476 3085 665 3152 advenienti
697 3089 727 3150 ei
751 3086 894 3152 tabellas
927 3086 1001 3152 dem
1029 3090 1062 3151 in
1096 3110 1229 3153 manum
1255 3090 1331 3155 Ter.

154 3192 276 3263 Heaut.
301 3193 385 3260 587:
417 3193 485 3258 Abi
509 3195 762 3263 deambulatum.
808 3193 906 3282 Epid.
936 3195 1014 3263 165:
1039 3195 1099 3260 Ibo
1125 3203 1224 3280 atque
1249 3197 1329 3262 adu·

152 3298 289 3365 lescenti
312 3298 430 3383 diuam,
466 3306 576 3365 nostro
608 3301 678 3365 erili
713 3291 804 3383 filios
827 3302 878 3366 Ne
911 3301 985 3365 hino
1016 3301 1104 3367 foras
1138 3294 1327 3369 obambulet

153 3427 233 3470 neve
258 3407 390 3471 obviem
414 3411 528 3472 veniat
552 3410 632 3475 seni.
678 3409 767 3476 Asin.
793 3409 873 3474 682:
898 3408 1219 3475 Inambulandumst:
1247 3434 1332 3477 nuno

154 3510 235 3574 mihi
259 3512 404 3575 vicissim
420 3513 663 3599 supplicabunt.
703 3514 790 3577 Men.
808 3515 890 3583 276:
915 3515 988 3579 Vae
1005 3524 1098 3601 tergo
1116 3538 1209 3580 meo:
1234 3518 1332 3582 Prius

153 3621 220 3683 iam
245 3621 401 3683 convivae
427 3619 637 3687 obambulant
662 3625 792 3689 ostium.
835 3621 942 3697 Quam
966 3644 1026 3706 ego
1045 3628 1205 3708 opsonatu
1223 3623 1329 3689 redeo.

153 3724 251 3792 Most.
278 3726 352 3791 796.
402 3725 559 3801 Qualibet
577 3727 772 3813 perambula
797 3728 887 3792 aedis
911 3728 1030 3814 oppido
1055 3736 1224 3814 tamquam
1243 3738 1329 3795 tuas.

245 3940 264 4006 Ι)
285 3940 313 3994 O.
333 3940 361 3997 O.
380 3942 486 4013 Reisig:
513 3942 700 4014 Vorlesungeu
719 3942 784 3995 iiber
804 3943 958 3996 lateinisobe
978 3942 1266 4014 Spraohwissensoheft
1283 3946 1332 3997 mit

152 4026 364 4099 Anmerkungeu
383 4048 435 4083 von
456 4030 544 4084 Haase
565 4049 615 4084 neu
633 4031 781 4085 beurbeitet
799 4050 852 4085 von
872 4032 908 4086 H.
917 4032 1012 4104 Hagen
1033 4032 1331 4104 (Berol.1881)u01.1‚

171 4133 183 4168 u
207 4160 213 4173 .
233 4116 293 4173 219.

152 4132 205 4187 Η
241 4204 274 4259 of.
299 4204 421 4258 Corsseui
450 4206 574 4260 kritisohe
601 4208 739 4281 Beitraege
766 4226 792 4279 p.
811 4210 871 4278 349,
896 4211 940 4280 qui
969 4209 1126 4264 deminutivi
1144 4210 1330 4265 formationem

151 4293 249 4347 babere
269 4294 338 4347 bauo
357 4310 447 4347 vocem
467 4302 554 4366 negat.
