3175 4984
680 592 707 636 0.

194 731 375 815 Postquam
399 730 563 797 vocabula
588 733 698 795 omnia
722 728 857 807 contuli,
883 750 967 815 quae
993 728 1044 793 vel
1068 731 1202 795 notione
1226 728 1280 795 de·

102 839 263 903 minutiva
288 836 340 903 vel
364 839 396 901 vi
417 837 662 924 hypocoristioa
679 841 803 918 carent,
826 837 894 900 iam
910 835 954 901 ad
969 858 1010 901 ea
1025 841 1169 917 transeo,
1194 858 1279 923 quae

23 932 24 937 ἵ
104 941 357 1029 ὑποκοριστικῶς
372 946 482 1031 posita
498 949 584 1025 sunt,
609 963 806 1029 quamquam
822 964 886 1007 uon
909 945 1037 1029 ignoro,
1057 941 1280 1007 difficillimum

105 1072 180 1115 esse
197 1072 257 1115 nec
274 1053 405 1116 omnino
421 1050 492 1115 fieri
512 1070 619 1137 posse,
636 1058 673 1115 ut
689 1049 771 1115 bene
784 1058 999 1137 segregentur
1011 1056 1045 1113 et
1057 1048 1280 1116 distineantur

101 1157 186 1222 baec
210 1180 230 1221 a
254 1158 381 1233 ceteris,
406 1177 490 1240 quae
515 1160 710 1221 emuneravi.
758 1154 842 1223 Sunt
866 1159 952 1220 enim
980 1177 1080 1221 voces
1104 1153 1279 1239 quaedam,

103 1288 190 1353 quae
213 1272 283 1333 tam
310 1266 360 1330 illi
393 1287 490 1351 quam
521 1264 596 1329 huic
627 1268 741 1351 generi
770 1264 966 1331 tribuendae
996 1271 1083 1345 sunt,
1117 1285 1189 1328 cum
1221 1267 1280 1328 aut

102 1370 200 1438 modo
235 1372 436 1437 deminutive
456 1370 565 1451 ‚modo
591 1370 845 1457 ὑποκοριστικῶς
866 1375 974 1457 posita
997 1373 1074 1450 sint,
1107 1376 1166 1434 aut
1197 1390 1278 1434 sane

102 1477 250 1544 dubitari
272 1480 378 1565 possit
394 1498 570 1563 quamnam
589 1480 653 1542 vim
671 1477 828 1543 habeant.
868 1474 988 1540 Omnia
1010 1475 1093 1540 haec
1112 1473 1279 1540 vocabula

101 1587 152 1651 ita
176 1586 385 1667 enumerabo,
418 1595 454 1648 ut
477 1586 617 1670 primum
650 1604 734 1667 quae
759 1582 802 1647 ad
825 1581 959 1646 humani
984 1582 1127 1669 eorporis
1154 1587 1277 1667 partes,

103 1712 188 1775 quae
205 1690 246 1756 ad
262 1693 462 1757 vestimenta
478 1695 704 1773 ornatumque,
729 1688 770 1753 ad
787 1686 1037 1774 supellectilem,
1055 1694 1157 1768 arma‘,
1173 1680 1277 1767 lusus,

104 1796 146 1861 ad
170 1796 350 1863 bestiarum
374 1798 508 1860 nomina
532 1817 708 1881 earumque
732 1802 852 1883 partes,
877 1794 995 1860 deinde
1018 1794 1061 1870 ad
1084 1794 1276 1881 plantarum

102 1905 333 1987 fructuumque
357 1907 520 1990 spectant,
544 1907 614 1967 tum
638 1924 721 1989 quac
746 1901 788 1969 ad
810 1923 968 1989 personas
985 1904 1150 1988 pertinent
1166 1923 1275 1965 exem·

103 2009 168 2095 plis
192 2008 321 2075 collatis
345 2014 495 2089 tractem,
518 2014 684 2097 postremo
704 2030 752 2091 ea,
776 2029 871 2092 quae,
896 2023 1094 2091 quamquam
1118 2006 1161 2071 ad
1186 2009 1277 2071 varia

104 2137 229 2201 genera
252 2117 428 2201 pertinent,
451 2121 585 2201 propter
608 2118 804 2181 varietatem
822 2114 1024 2199 singulorum
1042 2112 1276 2178 vocabulorum

102 2224 137 2286 in
170 2244 232 2286 uno
263 2242 384 2308 ponam
409 2228 596 2307 conspectu.
643 2220 748 2286 Multo
782 2223 886 2283 maior
917 2222 1003 2285 enim
1038 2226 1089 2286 est
1123 2241 1277 2284 numerus

103 2327 218 2393 horum
242 2348 340 2413 quam
364 2326 653 2408 deminutivorum,
678 2348 762 2411 quae
787 2328 888 2411 priori
909 2325 1117 2412 paragrapho
1132 2327 1277 2390 tractavi

102 2433 202 2518 idque
227 2455 264 2498 eo
287 2433 335 2515 fir,
359 2432 445 2518 quod
470 2432 605 2497 huiusce
621 2435 752 2518 generis
769 2454 865 2497 voces
884 2455 946 2496 non
964 2439 1034 2497 tarn
1054 2432 1097 2496 ad
1113 2432 1276 2498 forensem

102 2562 200 2624 quam
225 2538 266 2604 ad
291 2538 507 2605 domesticam
529 2539 742 2626 pertinebant
766 2541 872 2605 vitam
895 2561 1070 2623 earumque
1087 2561 1164 2605 usus
1179 2561 1275 2626 prae·

102 2649 213 2711 sertim
239 2666 313 2710 oum
338 2649 440 2709 servis
466 2652 499 2711 et
522 2645 635 2711 liberis
659 2652 739 2711 erat.

190 2751 256 2818 Sed
281 2775 344 2816 non
362 2752 519 2818 Plautina
537 2752 804 2837 Terentianaque
821 2752 1024 2817 deminutiva
1048 2750 1275 2817 tantummodo

63 2882 64 2885 ¹
102 2858 245 2939 afferam,
270 2862 369 2923 immo
394 2862 537 2923 omnium
562 2862 762 2923 comicorum
785 2860 979 2924 Latinorum
1004 2865 1038 2923 et
1055 2855 1179 2922 catulli
1203 2856 1276 2945 (qui

101 2968 274 3051 praecipue
318 2967 350 3027 in
395 2967 508 3051 primis
545 2966 614 3029 fere
660 2968 835 3049 sexaginta
872 2964 1070 3029 carminibus
1109 2949 1288 3050 permulta¹

101 3068 252 3157 exempla
273 3068 425 3158 praebet)
450 3078 485 3136 ut
508 3072 618 3134 omnia
641 3077 793 3135 accurate
825 3092 1001 3155 exponam3
1031 3070 1160 3149 deinde,
1193 3070 1272 3154 quia

100 3177 240 3241 Plautus
257 3178 498 3261 Terentiusque
516 3176 660 3243 Graecos
677 3183 827 3242 auctores
844 3178 1055 3259 sanctisunt,
1080 3183 1114 3242 et
1132 3198 1188 3241 eos
1204 3197 1275 3263 per·

102 3286 273 3368 vestigari.
311 3285 422 3368 Atque
439 3281 575 3371 ἀρχαίας
589 3282 758 3369 κωμῳδίας
781 3286 946 3370 specimen
966 3283 1194 3348 Acharnenses
1218 3282 1274 3346 ad·

100 3388 202 3469 hibui,
235 3388 308 3469 νέας
330 3401 440 3455 autem
463 3392 658 3475 fragmenta,
681 3396 853 3476 praeterea
876 3390 1088 3477 Aloiphronis
1112 3388 1274 3475 epistulas

103 3502 135 3561 et
156 3497 294 3559 Luciani
319 3495 468 3581 dialogos
493 3498 705 3564 meretricios.
743 3497 914 3561 Postremo
935 3496 1082 3561 consului
1098 3494 1274 3561 Herondae

102 3602 279 3665 mimiambi
302 3609 336 3667 et
359 3602 525 3688 Euripidis
550 3602 700 3691 Cyclopis
726 3624 810 3688 quae
835 3605 995 3690 praebent
1024 3624 1187 3689 perpauca
1220 3601 1273 3666 de-

104 3711 271 3773 minutius.

182 3842 211 3908 1.
235 3840 291 3905 Ad
314 3840 492 3906 humanum
517 3862 634 3927 corpus
659 3842 711 3907 vel
736 3845 806 3907 eius
830 3851 941 3929 partes
964 3848 1136 3927 statusque
1160 3850 1194 3906 et

434 3947 641 4013 condiciones
667 3955 822 4035 spectant
845 3950 942 4015 haec:

190 4058 334 4137 aetatula,
359 4054 438 4120 (list.
458 4054 484 4135 I,
511 4058 540 4137 1,
557 4055 611 4135 50,
636 4056 733 4120 Most.
746 4057 829 4141 2083
850 4055 1272 4139 Pseud.173;Pers.229;

102 4158 185 4230 Rus.
210 4160 285 4227 894.
333 4158 466 4246 Optime
489 4161 551 4225 hoo
575 4160 616 4225 de
641 4162 801 4227 vocabulo
824 4163 1002 4227 Muellerus
1026 4164 1047 4228 l.
1064 4183 1092 4225 e.
1116 4184 1147 4248 p.
1164 4163 1206 4225 37
1224 4184 1271 4247 sq.

105 4268 173 4352 agit
198 4266 330 4331 dicens:
366 4268 546 4349 „Aetatula
578 4290 617 4333 ea
650 4290 714 4333 vox
738 4274 798 4351 est,
831 4291 895 4353 qua
926 4268 1126 4333 deminution
1157 4272 1208 4334 vis
1239 4277 1274 4334 et
