<?xml version="1.0" encoding="UTF-8"?>
<!DOCTYPE html PUBLIC "-//W3C//DTD XHTML 1.0 Transitional//EN"
    "http://www.w3.org/TR/xhtml1/DTD/xhtml1-transitional.dtd">
<html xmlns="http://www.w3.org/1999/xhtml" xml:lang="en" lang="en">
 <head>
  <title>
</title>
<meta http-equiv="Content-Type" content="text/html;charset=utf-8" />
  <meta name='ocr-system' content='tesseract 3.04.00' />
  <meta name='ocr-capabilities' content='ocr_page ocr_carea ocr_par ocr_line ocrx_word'/>
</head>
<body>
  <div class='ocr_page' id='page_1' title='image "./dedeminutivispl00ryhigoog_0032.png"; bbox 0 0 3175 4984; ppageno 0'>
   <div class='ocr_carea' id='block_1_1' title="bbox 775 317 1016 386">
    <p class='ocr_par' dir='ltr' id='par_1_1' title="bbox 775 317 1016 386">
     <span class='ocr_line' id='line_1_1' title="bbox 775 317 1016 386; baseline 0.004 -1"><span class='ocrx_word' id='word_1_1' title='bbox 775 317 1016 386; x_wconf 50' lang='grc'><strong>«24»</strong></span> 
     </span>
    </p>
   </div>
   <div class='ocr_carea' id='block_1_2' title="bbox 300 510 1485 1662">
    <p class='ocr_par' dir='ltr' id='par_1_2' title="bbox 300 510 1485 1662">
     <span class='ocr_line' id='line_1_2' title="bbox 301 510 1483 579; baseline 0.006 -6"><span class='ocrx_word' id='word_1_2' title='bbox 301 516 419 575; x_wconf 91' lang='lat' dir='ltr'><strong>natura</strong></span> <span class='ocrx_word' id='word_1_3' title='bbox 441 510 526 574; x_wconf 88' lang='lat' dir='ltr'><strong>bene</strong></span> <span class='ocrx_word' id='word_1_4' title='bbox 549 510 746 576; x_wconf 80' lang='lat' dir='ltr'><strong>illustretur.</strong></span> <span class='ocrx_word' id='word_1_5' title='bbox 783 510 870 574; x_wconf 88' lang='lat' dir='ltr'><strong>Aliis</strong></span> <span class='ocrx_word' id='word_1_6' title='bbox 894 512 984 576; x_wconf 89' lang='lat' dir='ltr'><strong>enim</strong></span> <span class='ocrx_word' id='word_1_7' title='bbox 1007 510 1088 575; x_wconf 89' lang='lat' dir='ltr'><strong>locis</strong></span> <span class='ocrx_word' id='word_1_8' title='bbox 1106 534 1144 577; x_wconf 96' lang='lat' dir='ltr'><strong>eo</strong></span> <span class='ocrx_word' id='word_1_9' title='bbox 1160 512 1321 578; x_wconf 85' lang='lat' dir='ltr'><strong>vocabulo</strong></span> <span class='ocrx_word' id='word_1_10' title='bbox 1344 519 1483 579; x_wconf 92' lang='lat' dir='ltr'><strong>notatur</strong></span> 
     </span>
     <span class='ocr_line' id='line_1_3' title="bbox 301 615 1485 704; baseline 0.005 -24"><span class='ocrx_word' id='word_1_11' title='bbox 301 616 442 681; x_wconf 88' lang='lat' dir='ltr'><strong>mollitia</strong></span> <span class='ocrx_word' id='word_1_12' title='bbox 466 619 586 682; x_wconf 86' lang='lat' dir='ltr'><strong>aetatis</strong></span> <span class='ocrx_word' id='word_1_13' title='bbox 607 616 751 704; x_wconf 90' lang='lat' dir='ltr'><strong>puerilis,</strong></span> <span class='ocrx_word' id='word_1_14' title='bbox 777 622 815 681; x_wconf 96' lang='lat' dir='ltr'><strong>ut</strong></span> <span class='ocrx_word' id='word_1_15' title='bbox 829 619 863 680; x_wconf 92' lang='lat' dir='ltr'><strong>in</strong></span> <span class='ocrx_word' id='word_1_16' title='bbox 882 615 951 684; x_wconf 78' lang='lat' dir='ltr'><strong>(lic.</strong></span> <span class='ocrx_word' id='word_1_17' title='bbox 967 616 1044 684; x_wconf 77' lang='lat' dir='ltr'><strong>Pin.</strong></span> <span class='ocrx_word' id='word_1_18' title='bbox 1062 617 1102 700; x_wconf 88' lang='lat' dir='ltr'><strong>V,</strong></span> <span class='ocrx_word' id='word_1_19' title='bbox 1118 618 1173 700; x_wconf 80' lang='lat'><strong>20,</strong></span> <span class='ocrx_word' id='word_1_20' title='bbox 1189 619 1251 687; x_wconf 82' lang='lat'><strong>55:</strong></span> <span class='ocrx_word' id='word_1_21' title='bbox 1278 620 1411 703; x_wconf 81' lang='lat' dir='ltr'><strong>,Facile</strong></span> <span class='ocrx_word' id='word_1_22' title='bbox 1428 628 1485 686; x_wconf 89' lang='lat' dir='ltr'><strong>est</strong></span> 
     </span>
     <span class='ocr_line' id='line_1_4' title="bbox 301 723 1480 813; baseline 0.005 -27"><span class='ocrx_word' id='word_1_23' title='bbox 301 723 363 787; x_wconf 95' lang='lat' dir='ltr'><strong>hoc</strong></span> <span class='ocrx_word' id='word_1_24' title='bbox 388 744 521 789; x_wconf 87' lang='lat' dir='ltr'><strong>cernere</strong></span> <span class='ocrx_word' id='word_1_25' title='bbox 545 726 577 787; x_wconf 93' lang='lat' dir='ltr'><strong>in</strong></span> <span class='ocrx_word' id='word_1_26' title='bbox 602 724 716 811; x_wconf 88' lang='lat' dir='ltr'><strong>primis</strong></span> <span class='ocrx_word' id='word_1_27' title='bbox 741 744 918 809; x_wconf 90' lang='lat' dir='ltr'><strong>puerorum</strong></span> <span class='ocrx_word' id='word_1_28' title='bbox 942 725 1118 789; x_wconf 80' lang='lat' dir='ltr'><strong>aetatulis“</strong></span> <span class='ocrx_word' id='word_1_29' title='bbox 1147 730 1180 789; x_wconf 91' lang='lat' dir='ltr'><strong>et</strong></span> <span class='ocrx_word' id='word_1_30' title='bbox 1202 728 1238 789; x_wconf 91' lang='lat' dir='ltr'><strong>in</strong></span> <span class='ocrx_word' id='word_1_31' title='bbox 1254 724 1353 811; x_wconf 91' lang='lat' dir='ltr'><strong>Apul.</strong></span> <span class='ocrx_word' id='word_1_32' title='bbox 1377 727 1480 813; x_wconf 83' lang='lat' dir='ltr'><strong>Apol.</strong></span> 
     </span>
     <span class='ocr_line' id='line_1_5' title="bbox 300 828 1478 917; baseline 0.003 -23"><span class='ocrx_word' id='word_1_33' title='bbox 300 854 333 917; x_wconf 79' lang='lat' dir='ltr'><strong>p.</strong></span> <span class='ocrx_word' id='word_1_34' title='bbox 358 837 377 894; x_wconf 89' lang='grc'>4</span> <span class='ocrx_word' id='word_1_35' title='bbox 401 829 503 917; x_wconf 81' lang='lat' dir='ltr'><strong>(apud</strong></span> <span class='ocrx_word' id='word_1_36' title='bbox 517 828 729 895; x_wconf 88' lang='lat' dir='ltr'><strong>Hildebrand</strong></span> <span class='ocrx_word' id='word_1_37' title='bbox 753 829 793 893; x_wconf 92' lang='lat' dir='ltr'><strong>de</strong></span> <span class='ocrx_word' id='word_1_38' title='bbox 817 832 929 916; x_wconf 88' lang='lat' dir='ltr'><strong>magia</strong></span> <span class='ocrx_word' id='word_1_39' title='bbox 950 830 1036 894; x_wconf 90' lang='lat' dir='ltr'><strong>liber</strong></span> <span class='ocrx_word' id='word_1_40' title='bbox 1059 852 1085 895; x_wconf 91' lang='lat' dir='ltr'><strong>c.</strong></span> <span class='ocrx_word' id='word_1_41' title='bbox 1104 830 1154 911; x_wconf 82' lang='lat'><strong>2):</strong></span> <span class='ocrx_word' id='word_1_42' title='bbox 1181 829 1361 914; x_wconf 78' lang='lat' dir='ltr'>„adscribit</span> <span class='ocrx_word' id='word_1_43' title='bbox 1384 854 1420 897; x_wconf 95' lang='lat' dir='ltr'><strong>se</strong></span> <span class='ocrx_word' id='word_1_44' title='bbox 1446 836 1478 898; x_wconf 91' lang='lat' dir='ltr'><strong>ei</strong></span> 
     </span>
     <span class='ocr_line' id='line_1_6' title="bbox 301 935 1481 1023; baseline 0.003 -23"><span class='ocrx_word' id='word_1_45' title='bbox 301 940 457 1002; x_wconf 78' lang='lat' dir='ltr'><strong>assistere</strong></span> <span class='ocrx_word' id='word_1_46' title='bbox 482 958 565 1000; x_wconf 80' lang='lat' dir='ltr'><strong>noro</strong></span> <span class='ocrx_word' id='word_1_47' title='bbox 588 957 676 1001; x_wconf 90' lang='lat' dir='ltr'><strong>more</strong></span> <span class='ocrx_word' id='word_1_48' title='bbox 699 957 758 1023; x_wconf 90' lang='lat' dir='ltr'><strong>per</strong></span> <span class='ocrx_word' id='word_1_49' title='bbox 783 936 885 999; x_wconf 85' lang='lat' dir='ltr'><strong>alium</strong></span> <span class='ocrx_word' id='word_1_50' title='bbox 909 935 1112 1001; x_wconf 88' lang='lat' dir='ltr'><strong>lacessendi:</strong></span> <span class='ocrx_word' id='word_1_51' title='bbox 1137 938 1265 1002; x_wconf 81' lang='lat' dir='ltr'><strong>s&#39;oilioet</strong></span> <span class='ocrx_word' id='word_1_52' title='bbox 1282 942 1319 1001; x_wconf 91' lang='lat' dir='ltr'><strong>ut</strong></span> <span class='ocrx_word' id='word_1_53' title='bbox 1335 936 1481 1003; x_wconf 90' lang='lat' dir='ltr'><strong>obtentu</strong></span> 
     </span>
     <span class='ocr_line' id='line_1_7' title="bbox 302 1042 1474 1130; baseline -0.002 -21"><span class='ocrx_word' id='word_1_54' title='bbox 302 1046 372 1109; x_wconf 91' lang='lat' dir='ltr'><strong>eius</strong></span> <span class='ocrx_word' id='word_1_55' title='bbox 405 1042 573 1108; x_wconf 77' lang='lat' dir='ltr'><strong>aetatulae</strong></span> <span class='ocrx_word' id='word_1_56' title='bbox 604 1044 677 1127; x_wconf 88' lang='lat' dir='ltr'><strong>ipse</strong></span> <span class='ocrx_word' id='word_1_57' title='bbox 709 1042 969 1108; x_wconf 87' lang='lat' dir='ltr'><strong>insimulationis</strong></span> <span class='ocrx_word' id='word_1_58' title='bbox 1001 1043 1106 1107; x_wconf 87' lang='lat' dir='ltr'><strong>falsae</strong></span> <span class='ocrx_word' id='word_1_59' title='bbox 1142 1066 1205 1107; x_wconf 90' lang='lat' dir='ltr'><strong>non</strong></span> <span class='ocrx_word' id='word_1_60' title='bbox 1240 1044 1474 1130; x_wconf 85' lang='lat' dir='ltr'><strong>plecteretur“,</strong></span> 
     </span>
     <span class='ocr_line' id='line_1_8' title="bbox 302 1149 1477 1231; baseline 0 -16"><span class='ocrx_word' id='word_1_61' title='bbox 302 1150 376 1215; x_wconf 90' lang='lat' dir='ltr'><strong>aliis</strong></span> <span class='ocrx_word' id='word_1_62' title='bbox 399 1150 480 1213; x_wconf 88' lang='lat' dir='ltr'><strong>loeis</strong></span> <span class='ocrx_word' id='word_1_63' title='bbox 504 1150 691 1214; x_wconf 82' lang='lat' dir='ltr'><strong>formositas</strong></span> <span class='ocrx_word' id='word_1_64' title='bbox 725 1153 759 1212; x_wconf 91' lang='lat' dir='ltr'><strong>et</strong></span> <span class='ocrx_word' id='word_1_65' title='bbox 790 1156 948 1213; x_wconf 81' lang='lat' dir='ltr'><strong>venustas</strong></span> <span class='ocrx_word' id='word_1_66' title='bbox 981 1153 1104 1213; x_wconf 87' lang='lat' dir='ltr'><strong>aetatis</strong></span> <span class='ocrx_word' id='word_1_67' title='bbox 1128 1149 1275 1231; x_wconf 89' lang='lat' dir='ltr'><strong>adultae,</strong></span> <span class='ocrx_word' id='word_1_68' title='bbox 1307 1159 1346 1214; x_wconf 89' lang='lat' dir='ltr'><strong>ut</strong></span> <span class='ocrx_word' id='word_1_69' title='bbox 1364 1150 1477 1215; x_wconf 84' lang='lat' dir='ltr'><strong>Plaut.</strong></span> 
     </span>
     <span class='ocr_line' id='line_1_9' title="bbox 300 1254 1480 1342; baseline -0.001 -21"><span class='ocrx_word' id='word_1_70' title='bbox 300 1255 387 1325; x_wconf 80' lang='lat' dir='ltr'><strong>Rud.</strong></span> <span class='ocrx_word' id='word_1_71' title='bbox 413 1255 495 1320; x_wconf 85' lang='lat'>894:</span> <span class='ocrx_word' id='word_1_72' title='bbox 521 1257 606 1338; x_wconf 87' lang='lat' dir='ltr'><strong>„iam</strong></span> <span class='ocrx_word' id='word_1_73' title='bbox 631 1254 783 1319; x_wconf 82' lang='lat' dir='ltr'><strong>cluentes</strong></span> <span class='ocrx_word' id='word_1_74' title='bbox 806 1260 936 1342; x_wconf 84' lang='lat' dir='ltr'><strong>repperi</strong></span> <span class='ocrx_word' id='word_1_75' title='bbox 952 1256 1064 1339; x_wconf 91' lang='lat' dir='ltr'><strong>Atque</strong></span> <span class='ocrx_word' id='word_1_76' title='bbox 1089 1255 1204 1320; x_wconf 88' lang='lat' dir='ltr'><strong>ambas</strong></span> <span class='ocrx_word' id='word_1_77' title='bbox 1227 1257 1333 1322; x_wconf 86' lang='lat' dir='ltr'><strong>forma</strong></span> <span class='ocrx_word' id='word_1_78' title='bbox 1356 1256 1480 1321; x_wconf 86' lang='lat' dir='ltr'><strong>scitula</strong></span> 
     </span>
     <span class='ocr_line' id='line_1_10' title="bbox 302 1360 1476 1451; baseline 0 -23"><span class='ocrx_word' id='word_1_79' title='bbox 302 1370 399 1446; x_wconf 90' lang='lat' dir='ltr'><strong>atque</strong></span> <span class='ocrx_word' id='word_1_80' title='bbox 423 1360 611 1446; x_wconf 85' lang='lat' dir='ltr'><strong>aetatula“;</strong></span> <span class='ocrx_word' id='word_1_81' title='bbox 641 1361 740 1451; x_wconf 89' lang='lat' dir='ltr'><strong>Apul.</strong></span> <span class='ocrx_word' id='word_1_82' title='bbox 765 1360 847 1426; x_wconf 88' lang='lat' dir='ltr'><strong>Met.</strong></span> <span class='ocrx_word' id='word_1_83' title='bbox 870 1362 915 1437; x_wconf 90' lang='lat' dir='ltr'><strong>X,</strong></span> <span class='ocrx_word' id='word_1_84' title='bbox 938 1382 966 1429; x_wconf 87' lang='lat' dir='ltr'><strong>c.</strong></span> <span class='ocrx_word' id='word_1_85' title='bbox 991 1363 1044 1425; x_wconf 89' lang='lat'><strong>31.</strong></span> <span class='ocrx_word' id='word_1_86' title='bbox 1086 1361 1215 1444; x_wconf 79' lang='lat' dir='ltr'><strong>,Quam</strong></span> <span class='ocrx_word' id='word_1_87' title='bbox 1238 1362 1371 1447; x_wconf 89' lang='lat' dir='ltr'><strong>quidem</strong></span> <span class='ocrx_word' id='word_1_88' title='bbox 1395 1364 1476 1428; x_wconf 91' lang='lat' dir='ltr'><strong>laci·</strong></span> 
     </span>
     <span class='ocr_line' id='line_1_11' title="bbox 303 1468 1474 1551; baseline 0.003 -18"><span class='ocrx_word' id='word_1_89' title='bbox 303 1471 391 1534; x_wconf 91' lang='lat' dir='ltr'><strong>niam</strong></span> <span class='ocrx_word' id='word_1_90' title='bbox 416 1468 597 1534; x_wconf 78' lang='lat' dir='ltr'><strong>curiosulus</strong></span> <span class='ocrx_word' id='word_1_91' title='bbox 623 1475 739 1533; x_wconf 87' lang='lat' dir='ltr'><strong>ventus</strong></span> <span class='ocrx_word' id='word_1_92' title='bbox 763 1472 845 1534; x_wconf 88' lang='lat' dir='ltr'><strong>satis</strong></span> <span class='ocrx_word' id='word_1_93' title='bbox 862 1474 1014 1533; x_wconf 89' lang='lat' dir='ltr'><strong>amanter</strong></span> <span class='ocrx_word' id='word_1_94' title='bbox 1029 1490 1115 1533; x_wconf 92' lang='lat' dir='ltr'><strong>nuno</strong></span> <span class='ocrx_word' id='word_1_95' title='bbox 1132 1468 1309 1534; x_wconf 83' lang='lat' dir='ltr'><strong>lasciviens</strong></span> <span class='ocrx_word' id='word_1_96' title='bbox 1325 1468 1474 1551; x_wconf 88' lang='lat' dir='ltr'><strong>reflabat,</strong></span> 
     </span>
     <span class='ocr_line' id='line_1_12' title="bbox 301 1574 1476 1662; baseline -0.001 -22"><span class='ocrx_word' id='word_1_97' title='bbox 301 1582 340 1645; x_wconf 90' lang='lat' dir='ltr'><strong>ut</strong></span> <span class='ocrx_word' id='word_1_98' title='bbox 362 1576 486 1642; x_wconf 89' lang='lat' dir='ltr'><strong>dimota</strong></span> <span class='ocrx_word' id='word_1_99' title='bbox 509 1585 636 1662; x_wconf 91' lang='lat' dir='ltr'><strong>pateret</strong></span> <span class='ocrx_word' id='word_1_100' title='bbox 659 1574 720 1639; x_wconf 90' lang='lat' dir='ltr'><strong>llos</strong></span> <span class='ocrx_word' id='word_1_101' title='bbox 744 1574 951 1658; x_wconf 81' lang='lat' dir='ltr'><strong>aetatulae;“</strong></span> <span class='ocrx_word' id='word_1_102' title='bbox 977 1574 1022 1641; x_wconf 89' lang='lat' dir='ltr'><strong>id.</strong></span> <span class='ocrx_word' id='word_1_103' title='bbox 1039 1575 1082 1656; x_wconf 89' lang='lat' dir='ltr'><strong>X,</strong></span> <span class='ocrx_word' id='word_1_104' title='bbox 1107 1596 1134 1640; x_wconf 91' lang='lat' dir='ltr'><strong>c.</strong></span> <span class='ocrx_word' id='word_1_105' title='bbox 1151 1575 1214 1641; x_wconf 79' lang='lat'><strong>29:</strong></span> <span class='ocrx_word' id='word_1_106' title='bbox 1241 1575 1368 1656; x_wconf 89' lang='lat' dir='ltr'><strong>,Puelli</strong></span> <span class='ocrx_word' id='word_1_107' title='bbox 1383 1576 1476 1662; x_wconf 91' lang='lat' dir='ltr'><strong>puel·</strong></span> 
     </span>
    </p>
   </div>
   <div class='ocr_carea' id='block_1_3' title="bbox 186 1680 1476 1777">
    <p class='ocr_par' dir='ltr' id='par_1_3' title="bbox 186 1680 1476 1777">
     <span class='ocr_line' id='line_1_13' title="bbox 186 1680 1476 1777; baseline -0.002 -30"><span class='ocrx_word' id='word_1_108' title='bbox 186 1772 189 1777; x_wconf 16' lang='lat' dir='ltr'>y</span> <span class='ocrx_word' id='word_1_109' title='bbox 301 1682 418 1767; x_wconf 84' lang='lat' dir='ltr'><strong>lacque</strong></span> <span class='ocrx_word' id='word_1_110' title='bbox 442 1684 561 1747; x_wconf 87' lang='lat' dir='ltr'><strong>virenti</strong></span> <span class='ocrx_word' id='word_1_111' title='bbox 584 1680 740 1746; x_wconf 89' lang='lat' dir='ltr'><strong>florentes</strong></span> <span class='ocrx_word' id='word_1_112' title='bbox 763 1682 933 1747; x_wconf 75' lang='lat' dir='ltr'><strong>aetatula“</strong></span> <span class='ocrx_word' id='word_1_113' title='bbox 961 1704 989 1752; x_wconf 81' lang='lat' dir='ltr'><strong>e.</strong></span> <span class='ocrx_word' id='word_1_114' title='bbox 1013 1704 1045 1765; x_wconf 89' lang='lat' dir='ltr'><strong>q.</strong></span> <span class='ocrx_word' id='word_1_115' title='bbox 1069 1704 1113 1765; x_wconf 77' lang='lat' dir='ltr'><strong>a,</strong></span> <span class='ocrx_word' id='word_1_116' title='bbox 1141 1681 1185 1749; x_wconf 90' lang='lat' dir='ltr'><strong>id.</strong></span> <span class='ocrx_word' id='word_1_117' title='bbox 1208 1682 1236 1763; x_wconf 84' lang='grc' dir='ltr'><strong>Ι,</strong></span> <span class='ocrx_word' id='word_1_118' title='bbox 1261 1703 1288 1747; x_wconf 89' lang='lat' dir='ltr'><strong>c.</strong></span> <span class='ocrx_word' id='word_1_119' title='bbox 1315 1682 1374 1746; x_wconf 75' lang='lat'><strong>12:</strong></span> <span class='ocrx_word' id='word_1_120' title='bbox 1402 1682 1476 1765; x_wconf 88' lang='lat' dir='ltr'><strong>„hio</strong></span> 
     </span>
    </p>
   </div>
   <div class='ocr_carea' id='block_1_4' title="bbox 301 1787 1477 4109">
    <p class='ocr_par' dir='ltr' id='par_1_4' title="bbox 301 1787 1477 3045">
     <span class='ocr_line' id='line_1_14' title="bbox 302 1787 1476 1871; baseline -0.003 -17"><span class='ocrx_word' id='word_1_121' title='bbox 302 1792 479 1854; x_wconf 89' lang='lat' dir='ltr'><strong>catamitus</strong></span> <span class='ocrx_word' id='word_1_122' title='bbox 509 1809 620 1870; x_wconf 91' lang='lat' dir='ltr'><strong>meus,</strong></span> <span class='ocrx_word' id='word_1_123' title='bbox 656 1789 712 1871; x_wconf 89' lang='lat' dir='ltr'><strong>qui</strong></span> <span class='ocrx_word' id='word_1_124' title='bbox 746 1787 863 1852; x_wconf 87' lang='lat' dir='ltr'><strong>diebus</strong></span> <span class='ocrx_word' id='word_1_125' title='bbox 896 1810 936 1853; x_wconf 90' lang='lat' dir='ltr'><strong>ao</strong></span> <span class='ocrx_word' id='word_1_126' title='bbox 968 1788 1121 1853; x_wconf 90' lang='lat' dir='ltr'><strong>noctibus</strong></span> <span class='ocrx_word' id='word_1_127' title='bbox 1152 1810 1258 1853; x_wconf 90' lang='lat' dir='ltr'><strong>meam</strong></span> <span class='ocrx_word' id='word_1_128' title='bbox 1294 1788 1476 1854; x_wconf 88' lang='lat' dir='ltr'><strong>aetatulam</strong></span> 
     </span>
     <span class='ocr_line' id='line_1_15' title="bbox 301 1891 1476 1980; baseline -0.001 -22"><span class='ocrx_word' id='word_1_129' title='bbox 301 1895 448 1977; x_wconf 83' lang='lat' dir='ltr'><strong>illusit“;</strong></span> <span class='ocrx_word' id='word_1_130' title='bbox 483 1893 575 1964; x_wconf 81' lang='lat' dir='ltr'><strong>Suet.</strong></span> <span class='ocrx_word' id='word_1_131' title='bbox 600 1891 715 1963; x_wconf 77' lang='lat' dir='ltr'><strong>Claud.</strong></span> <span class='ocrx_word' id='word_1_132' title='bbox 743 1895 802 1961; x_wconf 83' lang='lat'><strong>16:</strong></span> <span class='ocrx_word' id='word_1_133' title='bbox 840 1897 987 1975; x_wconf 84' lang='lat' dir='ltr'><strong>„monuit</strong></span> <span class='ocrx_word' id='word_1_134' title='bbox 1009 1901 1048 1958; x_wconf 92' lang='lat' dir='ltr'><strong>ut</strong></span> <span class='ocrx_word' id='word_1_135' title='bbox 1071 1900 1129 1958; x_wconf 91' lang='lat' dir='ltr'><strong>aut</strong></span> <span class='ocrx_word' id='word_1_136' title='bbox 1152 1898 1282 1980; x_wconf 90' lang='lat' dir='ltr'><strong>parcius</strong></span> <span class='ocrx_word' id='word_1_137' title='bbox 1306 1894 1476 1960; x_wconf 87' lang='lat' dir='ltr'><strong>aetatulae</strong></span> 
     </span>
     <span class='ocr_line' id='line_1_16' title="bbox 302 1997 1475 2088; baseline -0.003 -23"><span class='ocrx_word' id='word_1_138' title='bbox 302 2000 492 2088; x_wconf 85' lang='lat' dir='ltr'><strong>indulgeret</strong></span> <span class='ocrx_word' id='word_1_139' title='bbox 516 2006 574 2065; x_wconf 87' lang='lat' dir='ltr'><strong>aut</strong></span> <span class='ocrx_word' id='word_1_140' title='bbox 599 2005 688 2064; x_wconf 84' lang='lat' dir='ltr'><strong>certe</strong></span> <span class='ocrx_word' id='word_1_141' title='bbox 714 2002 864 2065; x_wconf 81' lang='lat' dir='ltr'><strong>cautius“</strong></span> <span class='ocrx_word' id='word_1_142' title='bbox 890 1997 947 2084; x_wconf 84' lang='lat' dir='ltr'><strong>(ol.</strong></span> <span class='ocrx_word' id='word_1_143' title='bbox 972 1999 1090 2063; x_wconf 84' lang='lat' dir='ltr'><strong>Pseud.</strong></span> <span class='ocrx_word' id='word_1_144' title='bbox 1118 2001 1203 2064; x_wconf 84' lang='lat'>1133</span> <span class='ocrx_word' id='word_1_145' title='bbox 1228 2002 1283 2083; x_wconf 89' lang='lat' dir='ltr'><strong>qui</strong></span> <span class='ocrx_word' id='word_1_146' title='bbox 1307 2021 1343 2064; x_wconf 93' lang='lat' dir='ltr'><strong>se</strong></span> <span class='ocrx_word' id='word_1_147' title='bbox 1367 2020 1475 2063; x_wconf 89' lang='lat' dir='ltr'><strong>suarn-</strong></span> 
     </span>
     <span class='ocr_line' id='line_1_17' title="bbox 302 2104 1477 2193; baseline -0.002 -21"><span class='ocrx_word' id='word_1_148' title='bbox 302 2129 366 2193; x_wconf 91' lang='lat' dir='ltr'><strong>que</strong></span> <span class='ocrx_word' id='word_1_149' title='bbox 382 2113 529 2172; x_wconf 84' lang='lat' dir='ltr'><strong>aetatem</strong></span> <span class='ocrx_word' id='word_1_150' title='bbox 545 2107 630 2172; x_wconf 89' lang='lat' dir='ltr'><strong>bene</strong></span> <span class='ocrx_word' id='word_1_151' title='bbox 648 2111 775 2190; x_wconf 89' lang='lat' dir='ltr'><strong>curant,</strong></span> <span class='ocrx_word' id='word_1_152' title='bbox 800 2104 912 2187; x_wconf 89' lang='lat' dir='ltr'><strong>edunt,</strong></span> <span class='ocrx_word' id='word_1_153' title='bbox 934 2106 1093 2189; x_wconf 88' lang='lat' dir='ltr'><strong>Potitant‚</strong></span> <span class='ocrx_word' id='word_1_154' title='bbox 1111 2112 1309 2188; x_wconf 88' lang='lat' dir='ltr'><strong>scortantur,</strong></span> <span class='ocrx_word' id='word_1_155' title='bbox 1327 2105 1384 2171; x_wconf 92' lang='lat' dir='ltr'><strong>sed</strong></span> <span class='ocrx_word' id='word_1_156' title='bbox 1402 2105 1477 2170; x_wconf 80' lang='lat' dir='ltr'><strong>vide</strong></span> 
     </span>
     <span class='ocr_line' id='line_1_18' title="bbox 301 2212 1476 2302; baseline -0.003 -21"><span class='ocrx_word' id='word_1_157' title='bbox 301 2215 424 2302; x_wconf 75' lang='lat' dir='ltr'><strong>Bergk.</strong></span> <span class='ocrx_word' id='word_1_158' title='bbox 458 2235 567 2300; x_wconf 85' lang='lat' dir='ltr'><strong>opusc.</strong></span> <span class='ocrx_word' id='word_1_159' title='bbox 592 2213 622 2295; x_wconf 92' lang='lat' dir='ltr'><strong>I,</strong></span> <span class='ocrx_word' id='word_1_160' title='bbox 654 2236 685 2299; x_wconf 83' lang='lat' dir='ltr'><strong>p.</strong></span> <span class='ocrx_word' id='word_1_161' title='bbox 711 2212 790 2299; x_wconf 78' lang='lat'>112)</span> <span class='ocrx_word' id='word_1_162' title='bbox 816 2265 825 2283; x_wconf 83' lang='lat'><strong>.</strong></span> <span class='ocrx_word' id='word_1_163' title='bbox 850 2265 857 2280; x_wconf 89' lang='lat'><strong>.</strong></span> <span class='ocrx_word' id='word_1_164' title='bbox 883 2260 891 2277; x_wconf 93' lang='lat'><strong>.</strong></span> <span class='ocrx_word' id='word_1_165' title='bbox 916 2263 922 2277; x_wconf 95' lang='lat'><strong>.</strong></span> <span class='ocrx_word' id='word_1_166' title='bbox 948 2212 1038 2277; x_wconf 91' lang='lat' dir='ltr'><strong>Pers.</strong></span> <span class='ocrx_word' id='word_1_167' title='bbox 1063 2213 1144 2279; x_wconf 82' lang='lat'>229:</span> <span class='ocrx_word' id='word_1_168' title='bbox 1181 2213 1357 2298; x_wconf 75' lang='lat' dir='ltr'><strong>„Temperi</strong></span> <span class='ocrx_word' id='word_1_169' title='bbox 1388 2213 1476 2277; x_wconf 88' lang='lat' dir='ltr'><strong>hanc</strong></span> 
     </span>
     <span class='ocr_line' id='line_1_19' title="bbox 302 2310 1476 2407; baseline -0.003 -22"><span class='ocrx_word' id='word_1_170' title='bbox 302 2322 438 2407; x_wconf 81' lang='lat' dir='ltr'><strong>vigilare</strong></span> <span class='ocrx_word' id='word_1_171' title='bbox 470 2327 599 2407; x_wconf 90' lang='lat' dir='ltr'><strong>oportet</strong></span> <span class='ocrx_word' id='word_1_172' title='bbox 629 2320 804 2385; x_wconf 84' lang='lat' dir='ltr'><strong>formulam</strong></span> <span class='ocrx_word' id='word_1_173' title='bbox 836 2325 934 2403; x_wconf 90' lang='lat' dir='ltr'><strong>atque</strong></span> <span class='ocrx_word' id='word_1_174' title='bbox 962 2319 1187 2403; x_wconf 86' lang='lat' dir='ltr'><strong>aetatulam“;</strong></span> <span class='ocrx_word' id='word_1_175' title='bbox 1233 2310 1352 2383; x_wconf 80' lang='lat' dir='ltr'><strong>Pseud.</strong></span> <span class='ocrx_word' id='word_1_176' title='bbox 1394 2320 1476 2383; x_wconf 78' lang='lat'><strong>173:</strong></span> 
     </span>
     <span class='ocr_line' id='line_1_20' title="bbox 305 2424 1476 2512; baseline -0.001 -21"><span class='ocrx_word' id='word_1_177' title='bbox 305 2426 394 2509; x_wconf 87' lang='lat' dir='ltr'><strong>,Vos</strong></span> <span class='ocrx_word' id='word_1_178' title='bbox 419 2426 505 2511; x_wconf 80' lang='lat' dir='ltr'><strong>(soil.</strong></span> <span class='ocrx_word' id='word_1_179' title='bbox 529 2424 697 2512; x_wconf 89' lang='lat' dir='ltr'><strong>mulieres)</strong></span> <span class='ocrx_word' id='word_1_180' title='bbox 721 2448 805 2511; x_wconf 84' lang='lat' dir='ltr'><strong>quae</strong></span> <span class='ocrx_word' id='word_1_181' title='bbox 829 2428 863 2489; x_wconf 92' lang='lat' dir='ltr'><strong>in</strong></span> <span class='ocrx_word' id='word_1_182' title='bbox 888 2425 1068 2509; x_wconf 87' lang='lat' dir='ltr'><strong>munditiis,</strong></span> <span class='ocrx_word' id='word_1_183' title='bbox 1092 2425 1252 2507; x_wconf 91' lang='lat' dir='ltr'><strong>mollitiis,</strong></span> <span class='ocrx_word' id='word_1_184' title='bbox 1282 2425 1476 2511; x_wconf 78' lang='lat' dir='ltr'><strong>deliciisque</strong></span> 
     </span>
     <span class='ocr_line' id='line_1_21' title="bbox 305 2531 1476 2618; baseline -0.004 -19"><span class='ocrx_word' id='word_1_185' title='bbox 305 2533 486 2599; x_wconf 85' lang='lat' dir='ltr'><strong>aetatulam</strong></span> <span class='ocrx_word' id='word_1_186' title='bbox 510 2534 641 2617; x_wconf 84' lang='lat' dir='ltr'><strong>agitis“.</strong></span> <span class='ocrx_word' id='word_1_187' title='bbox 688 2532 853 2596; x_wconf 89' lang='lat' dir='ltr'><strong>Proximis</strong></span> <span class='ocrx_word' id='word_1_188' title='bbox 875 2532 958 2596; x_wconf 92' lang='lat' dir='ltr'><strong>loois</strong></span> <span class='ocrx_word' id='word_1_189' title='bbox 983 2534 1073 2596; x_wconf 89' lang='lat' dir='ltr'><strong>cerni</strong></span> <span class='ocrx_word' id='word_1_190' title='bbox 1096 2540 1213 2618; x_wconf 89' lang='lat' dir='ltr'><strong>potest,</strong></span> <span class='ocrx_word' id='word_1_191' title='bbox 1248 2554 1287 2595; x_wconf 89' lang='lat' dir='ltr'><strong>eo</strong></span> <span class='ocrx_word' id='word_1_192' title='bbox 1315 2531 1476 2597; x_wconf 84' lang='lat' dir='ltr'><strong>vocubulo</strong></span> 
     </span>
     <span class='ocr_line' id='line_1_22' title="bbox 305 2637 1473 2725; baseline -0.004 -19"><span class='ocrx_word' id='word_1_193' title='bbox 305 2642 406 2706; x_wconf 88' lang='lat' dir='ltr'><strong>etiam</strong></span> <span class='ocrx_word' id='word_1_194' title='bbox 431 2638 651 2725; x_wconf 87' lang='lat' dir='ltr'><strong>despicienter</strong></span> <span class='ocrx_word' id='word_1_195' title='bbox 674 2640 784 2703; x_wconf 89' lang='lat' dir='ltr'><strong>notari</strong></span> <span class='ocrx_word' id='word_1_196' title='bbox 807 2660 904 2725; x_wconf 86' lang='lat' dir='ltr'><strong>posse</strong></span> <span class='ocrx_word' id='word_1_197' title='bbox 921 2644 955 2701; x_wconf 91' lang='lat' dir='ltr'><strong>et</strong></span> <span class='ocrx_word' id='word_1_198' title='bbox 971 2644 1118 2703; x_wconf 86' lang='lat' dir='ltr'><strong>not-atam</strong></span> <span class='ocrx_word' id='word_1_199' title='bbox 1135 2660 1206 2703; x_wconf 88' lang='lat' dir='ltr'><strong>esse</strong></span> <span class='ocrx_word' id='word_1_200' title='bbox 1222 2659 1243 2702; x_wconf 91' lang='lat' dir='ltr'><strong>a</strong></span> <span class='ocrx_word' id='word_1_201' title='bbox 1259 2637 1473 2724; x_wconf 89' lang='lat' dir='ltr'><strong>scriptoribus</strong></span> 
     </span>
     <span class='ocr_line' id='line_1_23' title="bbox 304 2742 1475 2833; baseline -0.005 -20"><span class='ocrx_word' id='word_1_202' title='bbox 304 2745 523 2833; x_wconf 89' lang='lat' dir='ltr'><strong>voluptariam</strong></span> <span class='ocrx_word' id='word_1_203' title='bbox 548 2744 681 2811; x_wconf 86' lang='lat' dir='ltr'><strong>adultae</strong></span> <span class='ocrx_word' id='word_1_204' title='bbox 705 2747 827 2809; x_wconf 89' lang='lat' dir='ltr'><strong>aetatis</strong></span> <span class='ocrx_word' id='word_1_205' title='bbox 852 2749 1034 2810; x_wconf 86' lang='lat' dir='ltr'><strong>naturam.“</strong></span> <span class='ocrx_word' id='word_1_206' title='bbox 1082 2744 1261 2808; x_wconf 86' lang='lat' dir='ltr'><strong>Praeterea</strong></span> <span class='ocrx_word' id='word_1_207' title='bbox 1292 2742 1475 2830; x_wconf 84' lang='lat' dir='ltr'><strong>Loewius¹)</strong></span> 
     </span>
     <span class='ocr_line' id='line_1_24' title="bbox 304 2849 1475 2938; baseline -0.003 -21"><span class='ocrx_word' id='word_1_208' title='bbox 304 2856 337 2917; x_wconf 89' lang='lat' dir='ltr'><strong>in</strong></span> <span class='ocrx_word' id='word_1_209' title='bbox 363 2851 487 2919; x_wconf 77' lang='lat' dir='ltr'><strong>Casina</strong></span> <span class='ocrx_word' id='word_1_210' title='bbox 508 2876 541 2919; x_wconf 86' lang='lat' dir='ltr'><strong>v.</strong></span> <span class='ocrx_word' id='word_1_211' title='bbox 565 2853 607 2916; x_wconf 80' lang='lat'><strong>47</strong></span> <span class='ocrx_word' id='word_1_212' title='bbox 633 2851 813 2919; x_wconf 87' lang='lat' dir='ltr'><strong>aetatulam</strong></span> <span class='ocrx_word' id='word_1_213' title='bbox 837 2874 894 2938; x_wconf 90' lang='lat' dir='ltr'><strong>pro</strong></span> <span class='ocrx_word' id='word_1_214' title='bbox 919 2856 1065 2915; x_wconf 91' lang='lat' dir='ltr'><strong>aetatem</strong></span> <span class='ocrx_word' id='word_1_215' title='bbox 1081 2850 1205 2921; x_wconf 80' lang='lat' dir='ltr'><strong>scribit.</strong></span> <span class='ocrx_word' id='word_1_216' title='bbox 1243 2850 1337 2915; x_wconf 85' lang='lat' dir='ltr'><strong>Haec</strong></span> <span class='ocrx_word' id='word_1_217' title='bbox 1352 2872 1417 2917; x_wconf 85' lang='lat' dir='ltr'><strong>vox</strong></span> <span class='ocrx_word' id='word_1_218' title='bbox 1434 2849 1475 2914; x_wconf 90' lang='lat' dir='ltr'><strong>ad</strong></span> 
     </span>
     <span class='ocr_line' id='line_1_25' title="bbox 304 2956 1476 3045; baseline 0 -22"><span class='ocrx_word' id='word_1_219' title='bbox 304 2959 457 3025; x_wconf 90' lang='lat' dir='ltr'><strong>mulieres</strong></span> <span class='ocrx_word' id='word_1_220' title='bbox 467 2960 578 3045; x_wconf 91' lang='lat' dir='ltr'><strong>potius</strong></span> <span class='ocrx_word' id='word_1_221' title='bbox 589 2980 685 3043; x_wconf 91' lang='lat' dir='ltr'><strong>quam</strong></span> <span class='ocrx_word' id='word_1_222' title='bbox 696 2960 787 3024; x_wconf 88' lang='lat' dir='ltr'><strong>viros</strong></span> <span class='ocrx_word' id='word_1_223' title='bbox 797 2964 936 3044; x_wconf 87' lang='lat' dir='ltr'><strong>spectet,</strong></span> <span class='ocrx_word' id='word_1_224' title='bbox 946 2958 1065 3023; x_wconf 87' lang='lat' dir='ltr'><strong>Persae</strong></span> <span class='ocrx_word' id='word_1_225' title='bbox 1074 2963 1183 3023; x_wconf 87' lang='lat' dir='ltr'><strong>autem</strong></span> <span class='ocrx_word' id='word_1_226' title='bbox 1192 2956 1265 3021; x_wconf 93' lang='lat' dir='ltr'><strong>loco</strong></span> <span class='ocrx_word' id='word_1_227' title='bbox 1277 2956 1319 3022; x_wconf 88' lang='lat' dir='ltr'><strong>ad</strong></span> <span class='ocrx_word' id='word_1_228' title='bbox 1329 2977 1476 3044; x_wconf 84' lang='lat' dir='ltr'><strong>puerum.</strong></span> 
     </span>
    </p>

    <p class='ocr_par' dir='ltr' id='par_1_5' title="bbox 303 3062 1476 3794">
     <span class='ocr_line' id='line_1_26' title="bbox 394 3062 1476 3150; baseline -0.008 -17"><span class='ocrx_word' id='word_1_229' title='bbox 394 3070 557 3149; x_wconf 76' lang='lat' dir='ltr'><strong>animulas,</strong></span> <span class='ocrx_word' id='word_1_230' title='bbox 592 3063 666 3131; x_wconf 85' lang='lat' dir='ltr'><strong>Oas.</strong></span> <span class='ocrx_word' id='word_1_231' title='bbox 693 3066 773 3131; x_wconf 82' lang='lat'>134:</span> <span class='ocrx_word' id='word_1_232' title='bbox 811 3063 892 3129; x_wconf 78' lang='lat' dir='ltr'><strong>(lum</strong></span> <span class='ocrx_word' id='word_1_233' title='bbox 924 3063 1003 3127; x_wconf 89' lang='lat' dir='ltr'><strong>mihi</strong></span> <span class='ocrx_word' id='word_1_234' title='bbox 1032 3064 1092 3127; x_wconf 87' lang='lat' dir='ltr'><strong>illa</strong></span> <span class='ocrx_word' id='word_1_235' title='bbox 1116 3063 1267 3150; x_wconf 81' lang='lat' dir='ltr'><strong>(Casina)</strong></span> <span class='ocrx_word' id='word_1_236' title='bbox 1291 3062 1397 3127; x_wconf 87' lang='lat' dir='ltr'><strong>dicet:</strong></span> <span class='ocrx_word' id='word_1_237' title='bbox 1433 3065 1476 3124; x_wconf 92' lang='lat' dir='ltr'><strong>mi</strong></span> 
     </span>
     <span class='ocr_line' id='line_1_27' title="bbox 304 3166 1474 3257; baseline -0.007 -19"><span class='ocrx_word' id='word_1_238' title='bbox 304 3171 458 3253; x_wconf 90' lang='lat' dir='ltr'><strong>animule,</strong></span> <span class='ocrx_word' id='word_1_239' title='bbox 484 3173 527 3235; x_wconf 90' lang='lat' dir='ltr'><strong>mi</strong></span> <span class='ocrx_word' id='word_1_240' title='bbox 544 3169 708 3257; x_wconf 89' lang='lat' dir='ltr'><strong>Olympio,</strong></span> <span class='ocrx_word' id='word_1_241' title='bbox 734 3170 838 3245; x_wconf 78' lang='lat' dir='ltr'><strong>Quasi</strong></span> <span class='ocrx_word' id='word_1_242' title='bbox 854 3192 927 3235; x_wconf 81' lang='lat' dir='ltr'><strong>nius</strong></span> <span class='ocrx_word' id='word_1_243' title='bbox 949 3172 985 3233; x_wconf 88' lang='lat' dir='ltr'><strong>iu</strong></span> <span class='ocrx_word' id='word_1_244' title='bbox 1009 3168 1116 3233; x_wconf 91' lang='lat' dir='ltr'><strong>medio</strong></span> <span class='ocrx_word' id='word_1_245' title='bbox 1139 3172 1265 3253; x_wconf 87' lang='lat' dir='ltr'><strong>pariete</strong></span> <span class='ocrx_word' id='word_1_246' title='bbox 1289 3166 1474 3231; x_wconf 83' lang='lat' dir='ltr'><strong>vorsabere.</strong></span> 
     </span>
     <span class='ocr_line' id='line_1_28' title="bbox 303 3272 1476 3357; baseline -0.006 -13"><span class='ocrx_word' id='word_1_247' title='bbox 303 3280 392 3344; x_wconf 90' lang='lat' dir='ltr'><strong>Men.</strong></span> <span class='ocrx_word' id='word_1_248' title='bbox 418 3279 497 3343; x_wconf 82' lang='lat'>361:</span> <span class='ocrx_word' id='word_1_249' title='bbox 529 3277 684 3341; x_wconf 89' lang='lat' dir='ltr'><strong>Animula</strong></span> <span class='ocrx_word' id='word_1_250' title='bbox 709 3278 784 3357; x_wconf 87' lang='lat' dir='ltr'><strong>mei,</strong></span> <span class='ocrx_word' id='word_1_251' title='bbox 817 3276 898 3339; x_wconf 91' lang='lat' dir='ltr'><strong>mihi</strong></span> <span class='ocrx_word' id='word_1_252' title='bbox 933 3277 1016 3338; x_wconf 90' lang='lat' dir='ltr'><strong>mira</strong></span> <span class='ocrx_word' id='word_1_253' title='bbox 1051 3275 1202 3339; x_wconf 81' lang='lat' dir='ltr'><strong>videntur</strong></span> <span class='ocrx_word' id='word_1_254' title='bbox 1238 3274 1285 3338; x_wconf 82' lang='lat' dir='ltr'><strong>Te</strong></span> <span class='ocrx_word' id='word_1_255' title='bbox 1311 3272 1366 3337; x_wconf 90' lang='lat' dir='ltr'><strong>hic</strong></span> <span class='ocrx_word' id='word_1_256' title='bbox 1390 3278 1476 3338; x_wconf 90' lang='lat' dir='ltr'><strong>stare</strong></span> 
     </span>
     <span class='ocr_line' id='line_1_29' title="bbox 305 3378 1473 3471; baseline -0.007 -20"><span class='ocrx_word' id='word_1_257' title='bbox 305 3387 394 3468; x_wconf 91' lang='lat' dir='ltr'><strong>foris,</strong></span> <span class='ocrx_word' id='word_1_258' title='bbox 429 3386 516 3451; x_wconf 89' lang='lat' dir='ltr'><strong>fores</strong></span> <span class='ocrx_word' id='word_1_259' title='bbox 548 3387 625 3469; x_wconf 92' lang='lat' dir='ltr'><strong>quoi</strong></span> <span class='ocrx_word' id='word_1_260' title='bbox 657 3388 805 3471; x_wconf 82' lang='lat' dir='ltr'><strong>pateant.</strong></span> <span class='ocrx_word' id='word_1_261' title='bbox 851 3383 896 3446; x_wconf 80' lang='lat' dir='ltr'><strong>Et</strong></span> <span class='ocrx_word' id='word_1_262' title='bbox 927 3385 960 3445; x_wconf 91' lang='lat' dir='ltr'><strong>in</strong></span> <span class='ocrx_word' id='word_1_263' title='bbox 991 3379 1188 3446; x_wconf 76' lang='lat' dir='ltr'><strong>Curculione</strong></span> <span class='ocrx_word' id='word_1_264' title='bbox 1221 3378 1385 3445; x_wconf 79' lang='lat' dir='ltr'><strong>Goetuius</strong></span> <span class='ocrx_word' id='word_1_265' title='bbox 1417 3400 1473 3465; x_wconf 92' lang='lat' dir='ltr'><strong>pro</strong></span> 
     </span>
     <span class='ocr_line' id='line_1_30' title="bbox 306 3485 1474 3575; baseline -0.009 -16"><span class='ocrx_word' id='word_1_266' title='bbox 306 3495 424 3572; x_wconf 88' lang='lat' dir='ltr'><strong>anime,</strong></span> <span class='ocrx_word' id='word_1_267' title='bbox 449 3492 594 3557; x_wconf 84' lang='lat' dir='ltr'><strong>animula</strong></span> <span class='ocrx_word' id='word_1_268' title='bbox 617 3491 732 3557; x_wconf 82' lang='lat' dir='ltr'><strong>scribit</strong></span> <span class='ocrx_word' id='word_1_269' title='bbox 754 3513 787 3556; x_wconf 86' lang='lat' dir='ltr'><strong>v.</strong></span> <span class='ocrx_word' id='word_1_270' title='bbox 812 3491 866 3557; x_wconf 86' lang='grc'><strong>98.</strong></span> <span class='ocrx_word' id='word_1_271' title='bbox 912 3490 1047 3574; x_wconf 91' lang='lat' dir='ltr'><strong>Proprie</strong></span> <span class='ocrx_word' id='word_1_272' title='bbox 1079 3487 1321 3575; x_wconf 88' lang='lat' dir='ltr'><strong>hypocoristice</strong></span> <span class='ocrx_word' id='word_1_273' title='bbox 1354 3485 1474 3551; x_wconf 90' lang='lat' dir='ltr'><strong>dictum</strong></span> 
     </span>
     <span class='ocr_line' id='line_1_31' title="bbox 304 3593 1471 3683; baseline -0.009 -18"><span class='ocrx_word' id='word_1_274' title='bbox 304 3600 466 3665; x_wconf 89' lang='lat' dir='ltr'><strong>Hadriani</strong></span> <span class='ocrx_word' id='word_1_275' title='bbox 489 3597 587 3667; x_wconf 90' lang='lat' dir='ltr'><strong>illud:</strong></span> <span class='ocrx_word' id='word_1_276' title='bbox 621 3597 778 3663; x_wconf 87' lang='lat' dir='ltr'><strong>Animula</strong></span> <span class='ocrx_word' id='word_1_277' title='bbox 801 3596 931 3683; x_wconf 80' lang='lat' dir='ltr'><strong>vagula,</strong></span> <span class='ocrx_word' id='word_1_278' title='bbox 965 3594 1116 3678; x_wconf 87' lang='lat' dir='ltr'><strong>candida,</strong></span> <span class='ocrx_word' id='word_1_279' title='bbox 1149 3593 1316 3659; x_wconf 87' lang='lat' dir='ltr'><strong>horridula</strong></span> <span class='ocrx_word' id='word_1_280' title='bbox 1341 3616 1368 3660; x_wconf 85' lang='lat' dir='ltr'><strong>e.</strong></span> <span class='ocrx_word' id='word_1_281' title='bbox 1394 3614 1425 3676; x_wconf 91' lang='lat' dir='ltr'><strong>q.</strong></span> <span class='ocrx_word' id='word_1_282' title='bbox 1448 3614 1471 3656; x_wconf 91' lang='lat' dir='ltr'><strong>s.</strong></span> 
     </span>
     <span class='ocr_line' id='line_1_32' title="bbox 306 3705 677 3794; baseline 0.005 -22"><span class='ocrx_word' id='word_1_283' title='bbox 306 3705 415 3794; x_wconf 83' lang='lat' dir='ltr'><strong>Spart.</strong></span> <span class='ocrx_word' id='word_1_284' title='bbox 440 3705 541 3770; x_wconf 89' lang='lat' dir='ltr'><strong>Hadr.</strong></span> <span class='ocrx_word' id='word_1_285' title='bbox 567 3706 620 3787; x_wconf 77' lang='lat'><strong>25,</strong></span> <span class='ocrx_word' id='word_1_286' title='bbox 646 3707 677 3775; x_wconf 81' lang='grc'><strong>9.</strong></span> 
     </span>
    </p>

    <p class='ocr_par' dir='ltr' id='par_1_6' title="bbox 306 3803 1476 4109">
     <span class='ocr_line' id='line_1_33' title="bbox 395 3803 1476 3893; baseline -0.01 -13"><span class='ocrx_word' id='word_1_287' title='bbox 395 3815 547 3888; x_wconf 80' lang='lat' dir='ltr'><strong>ocriculo,</strong></span> <span class='ocrx_word' id='word_1_288' title='bbox 571 3813 663 3877; x_wconf 91' lang='lat' dir='ltr'><strong>Asin.</strong></span> <span class='ocrx_word' id='word_1_289' title='bbox 682 3811 760 3875; x_wconf 82' lang='lat'><strong>668:</strong></span> <span class='ocrx_word' id='word_1_290' title='bbox 785 3807 978 3874; x_wconf 91' lang='lat' dir='ltr'><strong>Praehende</strong></span> <span class='ocrx_word' id='word_1_291' title='bbox 1002 3807 1169 3886; x_wconf 89' lang='lat' dir='ltr'><strong>auriculis,</strong></span> <span class='ocrx_word' id='word_1_292' title='bbox 1194 3826 1338 3893; x_wconf 87' lang='lat' dir='ltr'><strong>conpara</strong></span> <span class='ocrx_word' id='word_1_293' title='bbox 1354 3803 1476 3870; x_wconf 89' lang='lat' dir='ltr'><strong>labella</strong></span> 
     </span>
     <span class='ocr_line' id='line_1_34' title="bbox 308 3910 1474 3998; baseline -0.009 -13"><span class='ocrx_word' id='word_1_294' title='bbox 308 3942 379 3985; x_wconf 90' lang='lat' dir='ltr'><strong>oum</strong></span> <span class='ocrx_word' id='word_1_295' title='bbox 404 3919 533 3984; x_wconf 89' lang='lat' dir='ltr'><strong>labellis</strong></span> <span class='ocrx_word' id='word_1_296' title='bbox 557 3925 591 3981; x_wconf 90' lang='lat' dir='ltr'><strong>et</strong></span> <span class='ocrx_word' id='word_1_297' title='bbox 614 3917 715 3986; x_wconf 84' lang='lat' dir='ltr'><strong>Poen.</strong></span> <span class='ocrx_word' id='word_1_298' title='bbox 740 3916 822 3982; x_wconf 78' lang='lat'>375:</span> <span class='ocrx_word' id='word_1_299' title='bbox 846 3914 925 3981; x_wconf 85' lang='lat' dir='ltr'><strong>Sine</strong></span> <span class='ocrx_word' id='word_1_300' title='bbox 949 3920 984 3979; x_wconf 92' lang='lat' dir='ltr'><strong>te</strong></span> <span class='ocrx_word' id='word_1_301' title='bbox 1009 3935 1152 3997; x_wconf 85' lang='lat' dir='ltr'><strong>exorem,</strong></span> <span class='ocrx_word' id='word_1_302' title='bbox 1180 3914 1252 3976; x_wconf 90' lang='lat' dir='ltr'><strong>sine</strong></span> <span class='ocrx_word' id='word_1_303' title='bbox 1276 3910 1474 3998; x_wconf 87' lang='lat' dir='ltr'><strong>prehendam</strong></span> 
     </span>
     <span class='ocr_line' id='line_1_35' title="bbox 306 4022 827 4109; baseline -0.013 -17"><span class='ocrx_word' id='word_1_304' title='bbox 306 4026 472 4109; x_wconf 88' lang='lat' dir='ltr'><strong>auriculis,</strong></span> <span class='ocrx_word' id='word_1_305' title='bbox 497 4027 567 4089; x_wconf 89' lang='lat' dir='ltr'><strong>sine</strong></span> <span class='ocrx_word' id='word_1_306' title='bbox 591 4022 665 4087; x_wconf 88' lang='lat' dir='ltr'><strong>dem</strong></span> <span class='ocrx_word' id='word_1_307' title='bbox 690 4027 827 4092; x_wconf 80' lang='lat' dir='ltr'><strong>savium.</strong></span> 
     </span>
    </p>
   </div>
   <div class='ocr_carea' id='block_1_5' title="bbox 396 4250 1020 4323">
    <p class='ocr_par' dir='ltr' id='par_1_7' title="bbox 396 4250 1020 4323">
     <span class='ocr_line' id='line_1_36' title="bbox 396 4250 1020 4323; baseline 0 -16"><span class='ocrx_word' id='word_1_308' title='bbox 396 4254 417 4323; x_wconf 92' lang='lat'><strong>¹)</strong></span> <span class='ocrx_word' id='word_1_309' title='bbox 437 4254 472 4313; x_wconf 83' lang='lat' dir='ltr'><strong>cf.</strong></span> <span class='ocrx_word' id='word_1_310' title='bbox 489 4254 588 4309; x_wconf 87' lang='lat' dir='ltr'><strong>Loewii</strong></span> <span class='ocrx_word' id='word_1_311' title='bbox 608 4253 738 4307; x_wconf 80' lang='lat' dir='ltr'><strong>Analecta</strong></span> <span class='ocrx_word' id='word_1_312' title='bbox 759 4252 891 4318; x_wconf 84' lang='lat' dir='ltr'><strong>Plautina,</strong></span> <span class='ocrx_word' id='word_1_313' title='bbox 911 4268 939 4323; x_wconf 92' lang='lat' dir='ltr'><strong>p.</strong></span> <span class='ocrx_word' id='word_1_314' title='bbox 958 4250 1020 4307; x_wconf 77' lang='lat'><strong>204.</strong></span> 
     </span>
    </p>
   </div>
   <div class='ocr_carea' id='block_1_6' title="bbox 0 0 1598 4984">
    <p class='ocr_par' dir='ltr' id='par_1_8' title="bbox 0 0 1598 4984">
     <span class='ocr_line' id='line_1_37' title="bbox 0 0 1598 4984; baseline 0 0"><span class='ocrx_word' id='word_1_315' title='bbox 0 0 1598 4984; x_wconf 95' lang='lat' dir='ltr'><strong> </strong></span> 
     </span>
    </p>
   </div>
  </div>
 </body>
</html>
