3175 4984
221 1446 315 1513 Inter
331 1469 443 1513 omnes
459 1446 608 1512 homines
625 1447 739 1513 doctos
753 1447 792 1512 de
806 1446 1009 1533 indagandis
1022 1453 1055 1512 et
1065 1448 1309 1534 perscrutandis

130 1556 244 1619 Plauti
267 1552 391 1618 fabulis
410 1552 495 1619 bene
512 1556 648 1618 meritos
664 1554 852 1619 Fridericus
867 1552 1071 1618 Ritsohelius
1087 1554 1194 1619 locum
1210 1556 1308 1640 longe

129 1663 272 1745 primum
297 1666 401 1740 tenet,
434 1662 490 1743 qui
522 1658 646 1723 dictum
680 1658 762 1723 illud
787 1660 1024 1724 Terentianum
1049 1658 1186 1747 (Heaut.
1210 1661 1307 1747 675):

128 1766 187 1830 Nil
219 1773 289 1830 tam
321 1764 487 1831 difficilest
520 1768 598 1853 quin
633 1765 820 1849 quaerendo
843 1768 1038 1852 investigari
1062 1770 1199 1853 possiet,
1221 1768 1308 1853 quud

131 1874 275 1937 maxime
298 1872 518 1958 ei-placebat,
542 1875 577 1937 in
600 1872 843 1959 perscrutandis
859 1873 982 1939 litteris
998 1876 1142 1964 antiquis
1157 1875 1308 1959 regulam

129 1978 193 2043 sibi
226 1982 404 2065 proposuit.
452 1978 517 2055 Qui
551 2002 623 2046 cum
654 1982 726 2067 ipse
756 1982 789 2043 in
814 1979 927 2045 studia
952 1981 1108 2045 Plautina
1131 2000 1206 2047 cum
1230 2002 1308 2047 cura

129 2083 368 2172 diligentiaque
392 2086 607 2171 incumberet,
641 2087 716 2151 aliis
741 2086 926 2172 exemplum
949 2086 1103 2172 praebuit
1126 2094 1160 2152 et
1190 2108 1308 2172 aequa·

128 2190 218 2256 libus
250 2197 284 2255 st
314 2191 494 2278 discipulis,
528 2208 590 2276 quo
621 2192 832 2273 factumest,
865 2197 903 2256 ut
927 2212 1027 2256 exeo
1051 2198 1210 2278 tempore,
1243 2214 1307 2276 quo

129 2296 187 2363 ille
211 2299 385 2363 interiores
409 2304 443 2363 et
471 2296 657 2362 reconditas
680 2298 829 2363 Plautini
860 2302 1018 2363 sermonis
1047 2299 1138 2383 leges
1168 2301 1308 2364 scrutari

130 2407 250 2489 coepit,
274 2403 431 2489 permulti
464 2404 615 2469 homines
644 2403 735 2469 docti
764 2425 924 2471 summam
958 2408 1091 2470 comicis
1123 2406 1306 2473 tractandis

128 2530 262 2595 operam
285 2510 411 2574 darent.
459 2510 551 2585 Quae
585 2509 695 2575 studia
729 2520 860 2597 praeter
882 2512 1040 2577 Latinam
1074 2512 1150 2578 aliis
1183 2513 1306 2600 linguis

126 2642 283 2705 magnam
308 2619 492 2685 attulerunt
516 2622 724 2687 utilitatem,
751 2621 808 2687 Ita
831 2620 872 2686 G.
894 2620 1121 2707 Schmilinsky
1146 2620 1208 2705 ,de
1231 2608 1324 2707 pross
1355 2620 1360 2623 ’
1392 2610 1398 2618 ’

127 2729 269 2812 prietate
301 2730 460 2792 sermonis
485 2727 630 2793 Plautini
659 2748 722 2792 usu
744 2713 932 2813 linguarum
954 2724 1210 2792 Romanicarum
1232 2728 1306 2792 illu·
1412 2752 1415 2760 ·

129 2836 252 2897 strato“
271 2833 366 2899 Halis
390 2833 560 2899 Saxonum
585 2834 671 2901 1866
696 2837 861 2921 scripsita-
884 2832 955 2897 Alii
978 2833 1046 2897 alia
1068 2839 1305 2899 tractaverunt.

128 2940 238 3021 Atque
272 2961 333 3023 ego
366 2940 499 3024 quidem
532 2943 706 3003 instituam
734 2938 774 3003 de
800 2939 936 3004 vocibus
959 2938 1171 3003 deminutiris
1195 2961 1305 3024 agere,

129 3063 323 3129 quamquam
348 3044 436 3109 haud
459 3047 575 3132 ignoro
599 3045 705 3110 multa
729 3051 763 3112 et
784 3044 873 3111 bona
896 3045 947 3109 his
971 3043 1013 3109 de
1036 3043 1133 3109 rebus
1157 3051 1192 3109 et
1215 3044 1306 3112 dicta

131 3156 164 3215 et
199 3154 324 3238 scripta
358 3173 442 3217 esse.
505 3146 562 3216 Ita
600 3151 761 3218 Ludorici
800 3152 975 3246 Schwabei
1013 3150 1054 3217 de
1092 3150 1304 3217 deminutivis

130 3255 269 3323 Graecis
294 3264 328 3324 et
351 3258 481 3324 Latinis
505 3257 589 3325 liber
612 3258 746 3345 (Gissae
772 3254 929 3345 1859)11'1
955 3258 1018 3323 duo
1052 3259 1163 3343 capita
1195 3256 1304 3322 distri·

129 3364 227 3429 butus
249 3376 365 3447 exstat,
387 3388 521 3451 quorum
547 3368 636 3453 prius
660 3364 700 3429 de
723 3386 787 3430 usu
812 3364 1085 3431 deminutirorum
1110 3366 1183 3449 agit
1204 3366 1304 3449 signi·

128 3471 313 3537 ficationem
337 3472 571 3539 deminutionis
604 3472 760 3561 (μείωσιν,
794 3459 1022 3559 dnoxopcopro's,
1048 3468 1303 3557 καταφρόνησιν)

131 3584 163 3643 et
194 3583 308 3664 partes
340 3584 488 3644 tractans
519 3582 694 3659 orationis,
726 3601 810 3665 quae
843 3580 1101 3643 deminutionem
1133 3580 1302 3663 recipiant,

130 3684 269 3749 alterum
293 3685 334 3750 de
367 3686 564 3750 formatione
596 3684 884 3754 deminutirorum,
932 3684 1101 3750 Gustavus
1123 3683 1302 3748 Muellerus

131 3789 246 3857 deinde
261 3791 322 3875 „de
334 3793 470 3879 linguae
484 3792 625 3857 Latinae
643 3791 874 3857 deminutivis“
889 3792 1024 3877 Lipsiae
1039 3790 1303 3859 1865disseruit.

130 3896 190 3961 Hic
215 3898 419 3964 deminutiva
439 3902 472 3963 in
489 3899 595 3964 multa
611 3920 734 3986 genera
750 3898 927 3981 distribuit,
951 3918 1088 3982 quorum
1105 3899 1243 3982 primum
1259 3934 1300 3944 —-

132 4010 164 4066 ut
197 4005 359 4086 quaedam
392 4028 579 4071 enumerem
604 4044 642 4054 -
669 4005 849 4070 familiares
874 4011 908 4070 et
938 4005 1141 4083 domesticos,
1173 4006 1302 4065 sextum

8 4150 9 4197 ,
131 4130 338 4195 personarum
356 4115 491 4177 nomina
503 4115 645 4198 propria,
663 4117 819 4177 octavum
836 4113 980 4199 corporis
995 4114 1120 4196 partes,
1139 4108 1301 4173 decimum

131 4223 255 4283 sextum
291 4216 396 4281 officia
432 4212 581 4283 caritatis
617 4218 669 4283 vel
705 4219 829 4282 amoris
864 4219 1017 4282 continet.
1070 4213 1157 4290 Quid
1191 4214 1231 4279 de
1269 4216 1301 4277 vi

1121 4341 1136 4391 1
