3175 4984
569 378 809 447 «25»-

194 577 332 658 huoculc,
357 574 454 644 Truc.
471 573 555 639 290:
581 574 658 657 quia
673 556 832 637 bacculae
848 577 918 636 tam
933 574 1019 639 hene
1040 576 1282 660 purpurissatas

104 680 219 752 hahes.

194 791 372 876 capitulum,
409 786 503 851 Asin.
538 786 624 851 496:
659 784 735 849 Jem
773 806 859 850 nuuc
893 786 1038 851 secunda
1071 785 1151 850 mihi
1188 787 1281 853 facis.

106 893 239 959 Scibam
271 892 349 959 huic
379 898 413 957 to
445 893 589 978 capitulo
622 889 719 956 hodio
750 891 914 957 facturum
944 894 1027 958 satis
1058 914 1116 978 pro
1148 895 1281 961 iniuria.

105 997 200 1066 Ourc.
225 1000 309 1066 293:
333 998 400 1063 Ubi
423 996 503 1081 quid
526 998 737 1083 subrepente,
761 1002 875 1082 operto
900 996 1045 1083 capitulo
1067 997 1210 1063 calidum
1234 998 1282 1063 hi·

104 1105 199 1177 bunt.
244 1106 289 1171 Et
303 1106 479 1171 Terentius
495 1104 653 1170 Eunucho
669 1106 751 1175 531:
777 1103 805 1169 0
823 1104 1004 1192 capitulum
1027 1105 1280 1191 lepidissimum.

194 1216 361 1294 curcurlum,
385 1211 461 1278 Ges.
484 1213 569 1278 361:
600 1212 752 1277 stimulus
777 1232 838 1297 ego
863 1233 948 1277 nuuc
971 1233 1042 1276 sum
1070 1212 1133 1276 tibi
1156 1212 1280 1280 Fodico

105 1321 290 1405 corculum,
313 1320 394 1387 ibid.
416 1322 498 1387 837:
520 1320 618 1385 Nunc
641 1320 696 1407 pol
720 1318 852 1384 demum
876 1340 947 1385 sum
970 1319 1054 1385 liber
1076 1320 1188 1385 Meum
1212 1343 1279 1387 cor·

105 1427 223 1508 culum,
247 1426 434 1512 melculum,
457 1426 635 1493 vesculum.
675 1426 774 1493 Most.
801 1427 882 1497 974:
907 1428 962 1511 qui
987 1447 1059 1491 cum
1077 1430 1182 1492 istaec
1198 1431 1282 1495 sciet

104 1532 211 1599 Facta
234 1536 292 1615 ita,
318 1532 469 1597 amburet
493 1535 523 1597 ei
547 1534 666 1596 misero
689 1532 855 1597 corculum
880 1532 1108 1600 carbunculus.

194 1643 416 1727 corpusculum,
442 1637 516 1704 Cas.
541 1638 626 1703 843:
651 1660 669 1701 o
694 1638 922 1723 corpusculum
946 1638 1119 1707 malacum.

193 1751 377 1827 musculum,
401 1745 476 1829 Syr.
487 1745 564 1829 fug:
586 1765 659 1808 cum
673 1745 812 1809 extortis
823 1743 914 1825 talis,
932 1764 1005 1809 cum
1016 1744 1099 1823 mli·
1110 1745 1280 1811 crusculis.

196 1855 351 1937 digitulus,
377 1850 496 1915 Bacch.
520 1848 604 1915 675:
635 1849 723 1925 Quid
745 1849 871 1913 malum
894 1851 1005 1935 igitur,
1030 1850 1152 1935 stulte3
1185 1873 1284 1936 quom

107 1960 175 2023 iam
199 1960 329 2023 occasio
354 1955 396 2023 ad
421 1978 493 2021 eam
517 1978 584 2021 rem
609 1957 673 2020 fuit
696 1956 772 2021 Mea
795 1958 926 2041 virtute,
960 1962 1088 2043 parate,
1117 1963 1156 2022 ut
1177 1979 1281 2042 quen·

105 2071 174 2130 tum
200 2064 314 2147 velles,
339 2070 469 2128 tautum
486 2046 648 2144 sumeres,
672 2060 708 2125 si
732 2060 792 2127 hoc
817 2061 966 2149 digitulis
983 2061 1111 2128 duobus
1126 2062 1282 2129 sumebas

103 2168 329 2256 primoribus?
377 2171 477 2235 Poen.
495 2171 576 2236 566:
602 2169 738 2233 Tenetis
763 2190 841 2232 rem.
859 2206 903 2217 -
919 2168 985 2233 Vix
1009 2169 1140 2253 quidem
1160 2169 1281 2250 hercle,

103 2279 151 2341 ite
174 2298 225 2341 res
248 2275 441 2361 pauxilleet,
475 2274 626 2360 digitulis
651 2274 859 2360 primoribus.
905 2274 990 2339 Rud.
1018 2275 1100 2339 720:
1124 2275 1278 2360 Agedum

106 2405 194 2468 ergo,
218 2389 320 2467 tange
344 2384 504 2446 utramvis
529 2379 667 2467 digitulo
692 2382 838 2444 minume
862 2379 967 2445 modo.
1015 2380 1189 2447 Accedunt
1218 2381 1283 2448 loci

104 2488 198 2574 Epid.
224 2489 308 2553 640:
338 2487 413 2552 Nou
438 2488 617 2551 meministi
639 2507 691 2549 me
715 2507 849 2550 auream
882 2485 925 2551 ad
955 2491 988 2551 te
1018 2486 1146 2552 adferre
1176 2488 1283 2553 natali

103 2596 156 2660 die
190 2593 354 2658 Lunulem
391 2599 489 2678 etque
523 2592 667 2657 anellum
703 2592 873 2657 aureolum
909 2596 941 2657 iu
979 2593 1186 2680 digitulum?
1225 2595 1281 2659 ubi

104 2700 264 2766 Goetzius
297 2698 474 2784 digitulum
507 2702 649 2765 correxit
681 2720 699 2763 e
730 2697 873 2785 digitum
903 2720 994 2780 voce,
1028 2705 1062 2765 et
1088 2700 1163 2765 Ter.
1196 2699 1280 2765 Eun.

104 2808 188 2880 284:
213 2808 279 2883 Qui
301 2808 383 2872 mihi
407 2828 492 2872 nunc
515 2829 579 2872 uuo
604 2807 745 2891 digitulo
769 2808 848 2872 foris
870 2811 979 2894 aperis
1003 2811 1198 2874 fortunatus.
1222 2819 1246 2862 f

193 2918 359 2994 edentulus,
377 2913 451 2979 Oss.
467 2913 549 2978 550:
565 2912 731 2997 flagitium
749 2934 935 2977 maxumum
950 2914 1015 2978 feci
1025 2916 1127 2978 miser
1140 2914 1282 3001 Propter

105 3044 235 3110 operam
265 3024 355 3087 illius
390 3021 496 3106 hirqui
529 3020 702 3107 interpolis
731 3019 879 3085 edentuli
907 3021 971 3095 Qui
1001 3019 1064 3085 hoo
1095 3020 1176 3085 mihi
1209 3042 1282 3086 cou-

104 3131 218 3194 traxit.
265 3128 362 3195 Most.
387 3127 471 3197 265:
497 3126 645 3206 Vetulee,
668 3120 846 3191 ¹edentulae
871 3126 1067 3214 (mulieres),
1092 3148 1176 3211 quae
1198 3130 1281 3192 vitia

105 3237 250 3320 corporis
274 3235 346 3298 fuco
370 3232 531 3300 occulunt.
580 3233 679 3297 Poen.
699 3234 780 3298 700:
804 3233 872 3299 Ubi
895 3240 934 3298 tu
948 3232 1124 3314 Leucadio,
1150 3232 1283 3313 Thasio,

105 3340 198 3425 Chio,
212 3341 336 3407 Lesbio
355 3340 532 3405 Vetustate
547 3343 623 3406 vino
641 3340 797 3405 edentulo
814 3344 961 3405 aetatem
977 3341 1113 3424 iuriges.
1159 3341 1282 3406 Locum

105 3448 194 3518 Meu.
208 3448 273 3513 864
296 3454 507 3512 correxerunt
530 3445 723 3529 Beroaldus,
749 3447 830 3512 Pius
848 3445 1039 3511 edentulum
1055 3467 1113 3531 pro
1131 3445 1283 3511 edentuis

104 3553 257 3619 edentius
283 3553 478 3619 scribentes.

194 3660 358 3728 tabellum:
382 3658 447 3723 Ubi
471 3661 605 3745 proprie
628 3660 738 3745 posite
762 3664 814 3723 est
838 3660 971 3722 notione
987 3656 1071 3722 haec
1086 3679 1161 3738 vox,
1183 3655 1283 3722 demi·

106 3752 329 3830 uutivem‘uon
346 3765 620 3853 hypocoristioam
640 3767 703 3827 vim
721 3763 833 3842 habet,
850 3762 908 3826 ubi
924 3761 1097 3844 translate,
1113 3761 1282 3827 blandam.

107 3872 179 3938 Hoc
202 3894 331 3958 quoque
354 3874 524 3936 mentione
549 3893 612 3934 nou
643 3869 815 3957 indiguum
849 3868 978 3934 videtur
1010 3891 1093 3950 esse,
1127 3867 1283 3933 ePlauti

105 3978 228 4044 fabulis
251 3999 346 4043 usum
371 3979 513 4042 derivari
538 3998 646 4063 posse,
675 3978 817 4042 virricum
849 3975 941 4041 labia
973 3975 1076 4054 labra,
1110 3975 1283 4039 mulierum

106 4084 229 4151 labella
253 4085 422 4171 appellata
446 4082 558 4172 esse,¹)
584 4081 670 4168 quod
695 4105 712 4147 e
736 4084 881 4167 quinque
904 4082 987 4147 locis
1011 4080 1160 4146 efficitur.
1188 4080 1283 4149 Asin.

106 4197 385 4295 —b—fflcum
404 4226 576 4296 scripsissem,
595 4226 624 4278 iu
645 4224 743 4282 Philol.
763 4223 818 4281 vol.
832 4222 921 4281 XXX
939 4222 967 4281 S.
979 4222 1077 4295 Buggii
1096 4222 1188 4276 iuveni
1208 4221 1283 4288 „Bei-

105 4322 195 4389 treege
213 4331 260 4368 zur
275 4313 455 4369 Texteslritik
474 4312 520 4367 der
533 4314 733 4368 Plautinischeu
748 4310 940 4380 Komoedieu“,
958 4312 1002 4382 qui
1016 4309 1086 4364 idem
1099 4310 1131 4365 de
1143 4328 1194 4365 usu
1206 4311 1282 4366 lehre
