3175 4984
575 338 817 406 «4314-

191 535 340 615 aedicula,
364 529 460 617 Epid.
483 532 564 599 402:
602 530 641 594 In
675 529 861 596 aediculam
894 533 1003 595 istane
1033 551 1178 596 seorsum
1203 552 1276 597 con·

101 639 190 706 cludi
214 639 307 709 volo:
332 639 513 703 Divertunt
537 660 644 705 mores
667 641 790 723 virgini
813 639 910 723 longe
935 659 974 703 ao
997 638 1105 724 lupae.

192 768 357 847 uadiwlue,
386 762 472 829 Rud.
497 763 579 829 282:
616 761 679 828 Sed
713 762 794 827 haec
827 783 987 849 pauperes
1019 784 1072 826 res
1105 764 1276 828 0001100-

101 891 223 958 pesque
247 870 435 952 aediculae;
460 890 523 952 quo
542 870 611 934 loco
628 867 708 933 libri
722 890 836 932 omnes
852 868 983 954 puellae
998 868 1167 955 praebent,
1192 867 1278 952 quod

101 976 284 1043 Schoellius
310 977 460 1041 correxit.
509 974 584 1039 Ter.
610 974 739 1040 Phorm.
766 974 850 1039 663:
887 973 1068 1039 Aedicnlae
1092 978 1172 1040 itam
1198 981 1276 1039 sunt

102 1084 144 1149 ob
169 1082 283 1149 decom
306 1081 391 1147 alias
415 1084 533 1165 (minas
557 1083 728 1167 oppositae
745 1082 909 1167 pignori).

193 1210 395 1275 caumnulu:
431 1208 522 1272 cuius
555 1206 643 1270 vocis
673 1226 756 1289 quaa
779 1209 846 1270 Inc.
870 1204 937 1273 fab.
961 1206 1022 1291 frg.
1047 1205 1090 1273 V.
1116 1204 1274 1293 (Winter.

102 1340 134 1402 p.
158 1314 216 1403 64)
240 1318 348 1378 exstat
372 1316 571 1377 mentionem
593 1312 655 1377 faci
678 1334 709 1397 p.
735 1312 787 1376 29.

192 1440 316 1523 ocellus,
340 1436 405 1501 Ad.
419 1436 503 1504 949:
529 1435 640 1521 Agelli
665 1440 715 1499 ast
730 1435 785 1500 bic
801 1435 861 1499 sub
879 1435 958 1499 urbe
975 1434 1109 1521 paulum
1127 1434 1211 1519 quod
1229 1434 1277 1499 lo·

104 1547 189 1611 citas
213 1544 312 1608 foras.

192 1673 317 1757 equulo,
349 1665 444 1736 Ourc.
473 1667 551 1734 160:
588 1666 688 1730 Mane
713 1663 895 1730 suffundam
920 1664 1093 1750 aquolam3
1127 1663 1208 1731 cist.
1232 1665 1279 1747 11,

103 1777 136 1859 2,
160 1777 201 1842 38
227 1776 321 1861 (316)
348 1771 489 1858 Obsipat
513 1772 676 1856 equolam.

193 1891 398 1972 oratiuncula,
423 1888 520 1953 Truc.
548 1887 628 1957 148:
654 1908 740 1952 nunc
764 1888 910 1952 vicissim
926 1887 1009 1953 Volo
1035 1887 1157 1953 babere
1181 1890 1280 1954 arati·

102 1997 258 2062 unculam
282 2016 341 2081 pro
367 1995 461 2079 copia
485 1992 538 2057 bic
562 1991 649 2079 apud
674 2015 740 2064 vos,

194 2114 309 2190 cellula,
333 2110 417 2174 Eun.
436 2111 520 2175 310:
544 2107 651 2183 Quom
673 2110 708 2172 in
732 2108 886 2173 cellulam
910 2107 952 2172 ad
975 2115 1009 2174 te
1033 2110 1138 2195 patris
1162 2130 1281 2195 penum

103 2241 234 2285 omnem
259 2216 477 2303 congerebam
499 2214 691 2279 clanculum.

193 2336 369 2414 crustulum,
393 2327 495 2394 Stich.
514 2330 595 2395 691:
612 2328 682 2393 Hoc
700 2330 887 2394 convivium
905 2331 988 2393 satis
1006 2328 1281 2394 commodulumst

103 2442 220 2527 lupillo
246 2442 457 2521 comminuto,
482 2437 637 2503 crustulo.

194 2558 322 2638 diecula,
336 2553 453 2618 Pseud.
465 2550 549 2620 503:
562 2553 648 2618 Illud
662 2558 732 2618 erat
744 2575 913 2640 praesens,
926 2553 1003 2620 huic
1016 2563 1107 2622 erant
1122 2554 1280 2621 dieculae.

103 2663 178 2728 Ter.
196 2660 299 2728 Andr.
317 2661 395 2726 710:
418 2659 489 2724 Eho
514 2665 550 2725 tu
574 2658 747 2746 inpudens,
770 2683 835 2725 non
860 2663 944 2725 satis
964 2660 1077 2741 habes,
1103 2661 1190 2746 quod
1215 2662 1278 2728 tibi

103 2768 267 2834 dieculam
292 2766 406 2832 addo?

191 2877 393 2959 fauratundum,
422 2872 540 2937 Pseud.
566 2872 650 2938 287:
685 2869 723 2935 Si
746 2870 893 2955 amabas,
917 2874 1085 2937 invenires
1111 2880 1280 2938 mutuom:

104 2979 159 3045 Ad
181 2978 350 3043 danistam
374 2977 556 3058 devenires,
581 2975 716 3040 adderes
739 2977 955 3041 fenusculum.

192 3087 339 3170 formula,
364 3085 453 3148 Pers.
478 3084 561 3151 229:
598 3084 751 3169 Temperi
784 3083 870 3148 banc
903 3084 1039 3171 vigilare
1064 3091 1194 3171 oportet
1217 3086 1280 3151 for·

103 3192 225 3271 mulam
250 3199 348 3277 atque
374 3191 565 3257 aetatulam.

192 3303 320 3384 pullula,
352 3296 449 3385 Epid.
482 3298 564 3368 554:
601 3300 642 3381 A,
675 3296 810 3381 guttula
841 3297 961 3362 Pectus
995 3298 1111 3364 ardens
1143 3302 1189 3364 mi
1224 3300 1281 3364 ad·

104 3408 263 3493 sparsisti.

194 3516 322 3593 boricio,
347 3512 436 3575 Trin.
451 3511 536 3577 942:
560 3510 644 3594 Eho,
667 3512 721 3575 An
746 3513 848 3575 etiam
871 3513 905 3575 in
929 3510 1056 3576 caelum
1074 3511 1279 3578 escendisti?

105 3656 147 3669 --
173 3618 277 3683 Immo
313 3617 440 3683 horiola
474 3616 607 3682 advecti
642 3638 754 3682 sumus
786 3617 900 3701 Usque
933 3638 1020 3702 aqua
1050 3617 1190 3682 adversa
1223 3640 1282 3705 per

105 3748 243 3791 amnem.

193 3835 321 3916 1000100,
353 3830 453 3899 Most.
476 3828 557 3898 911:
591 3829 707 3915 Egone
737 3838 771 3895 10
793 3829 903 3894 100010
934 3829 1031 3895 modo
1060 3833 1166 3896 ausim
1189 3829 1277 3897 dicto

106 3943 165 4005 aut
187 3938 275 4003 facto
300 3936 443 4002 fallere?
489 3937 590 4001 Mero.
614 3937 697 4005 993:
720 3935 757 4002 Si
773 3936 882 4003 hercle
899 3939 1080 4017 scivissem,
1104 3940 1175 4001 sive
1198 3937 1277 4002 adeo

102 4042 211 4110 ioculo
236 4042 374 4110 dixisset
398 4044 476 4108 mibi
509 4042 553 4109 Se
576 4043 668 4108 illam
692 4066 813 4110 amare.
847 4042 931 4108 Rud.
958 4044 1039 4111 729:
1073 4043 1170 4108 Nunc
1193 4041 1276 4108 adeo

104 4172 212 4217 meam
235 4158 273 4214 01
296 4153 382 4214 scias
414 4153 612 4216 sententiam
636 4148 785 4235 Ocoipito
819 4149 914 4215 modo
947 4149 1014 4214 illis
1048 4147 1180 4214 adferre
1214 4152 1279 4214 vim

105 4257 212 4324 ioculo
230 4256 451 4343 pausillulum.
491 4256 676 4326 81100230
701 4257 809 4321 ioculo
828 4260 932 4322 istaec
949 4255 1039 4323 61011.
1080 4256 1179 4321 Truc.
1199 4256 1280 4325 107:
