3175 4984
781 330 1060 418 «44»-¹

309 522 375 587 Per
397 520 542 587 iuculum
566 526 600 586 et
622 520 744 588 ludum.
786 521 867 586 ibid.
895 521 956 587 103
981 521 1165 587 Subsellius
1196 522 1343 589 iuculum
1369 545 1491 590 runem

312 650 369 715 pro
394 627 522 693 oculum
547 628 632 712 quod
658 627 798 695 offerunt
821 627 898 693 libri
923 627 1048 694 scribit.

399 746 508 827 stetu,
532 742 627 829 Oapt.
643 742 726 811 947:
756 743 860 809 Vobis
884 744 999 808 invitis
1023 748 1123 827 atque
1139 743 1311 809 amborum
1327 746 1491 829 ingratiis

310 849 386 915 Una
409 848 522 915 libella
545 849 628 914 liber
644 870 775 936 possum
791 850 871 915 fieri.
897 848 1015 915 Pseud.
1031 850 1089 918 98:
1114 848 1201 925 Quid
1219 851 1252 913 ni
1269 850 1376 932 fleam,
1394 851 1488 927 Quoi

312 977 372 1021 nec
397 1007 404 1021 .
430 1006 437 1021 .
463 1005 470 1019 .
495 956 610 1041 Neque
634 956 761 1021 libellai
784 978 860 1044 spes
883 959 928 1022 sit
952 978 1087 1041 usquam
1103 956 1278 1041 gentium?
1302 956 1381 1024 ibid.
1400 958 1491 1027 629:

314 1062 392 1127 Tibi
416 1061 563 1127 libellam
595 1065 724 1149 argenti
749 1084 924 1146 numquam
950 1063 1101 1145 credam,
1136 1062 1217 1132 ibid.
1243 1064 1350 1133 1146:
1381 1065 1491 1139 Quom

312 1169 428 1233 libella
452 1177 654 1254 nusquamst.

403 1285 529 1363 loculus,
547 1283 621 1352 Cas.
635 1286 719 1353 447:
744 1286 792 1348 At
810 1283 1000 1350 candidatus
1018 1283 1108 1350 cedit
1122 1285 1177 1349 hic
1189 1287 1354 1371 mastigia,
1371 1287 1492 1351 stimu-

312 1391 418 1455 lorum
441 1390 550 1456 loculi.
596 1391 667 1457 Mil.
685 1392 769 1461 853:
794 1389 861 1460 Sed
884 1394 918 1455 in
943 1391 1028 1457 cella
1052 1398 1123 1456 erat
1145 1413 1208 1456 non
1231 1394 1365 1456 nimium
1389 1392 1493 1457 loculi

313 1497 441 1562 lubrici.
488 1497 590 1565 Stich.
616 1499 697 1563 620:
724 1498 906 1563 Tantillum
930 1497 1041 1581 loculi,
1068 1497 1125 1561 ubi
1148 1498 1287 1561 catellus
1312 1498 1431 1583 cubet3
1453 1499 1492 1565 id

313 1603 396 1667 mibi
419 1610 472 1669 sat
496 1606 559 1668 erit
582 1604 656 1674 luci.

402 1719 629 1804 munusculum,
654 1720 752 1787 Truo.
777 1718 868 1804 4252,
896 1720 971 1783 Nun
994 1718 1097 1784 audes
1122 1717 1257 1803 aliquid,
1291 1721 1336 1783 mi
1368 1722 1490 1803 anime,

314 1824 393 1889 dare
418 1826 631 1891 munusculi?
667 1825 876 1892 Camerarius
891 1825 1130 1908 munusculum,
1153 1824 1286 1890 Brixius
1303 1827 1490 1891 munusculi

313 1933 503 1996 restituite
528 1933 830 2014 munuscivilimB,
864 1953 981 1997 munus
1005 1931 1151 1997 civilium
1180 1930 1205 1998 C
1228 1932 1259 1997 D
1282 1931 1311 1995 L
1337 1931 1361 1995 Z
1395 1933 1490 2003 codd.

404 2051 640 2131 murmurillum,
675 2046 760 2111 Rud.
787 2048 892 2112 1404:
933 2046 1047 2112 Palam
1084 2068 1157 2132 age,
1194 2047 1269 2111 nolo
1306 2068 1367 2133 ego
1403 2070 1491 2112 mur·

319 2152 483 2218 murillum
508 2174 613 2239 neque
637 2176 806 2218 susurrum
828 2153 910 2217 fieri.

407 2282 631 2361 occasiuncula,
658 2278 750 2347 Trin.
774 2280 856 2344 974:
891 2278 999 2342 Nimis
1023 2285 1139 2363 argute
1170 2299 1222 2341 me
1251 2278 1426 2365 obrepsisti
1456 2281 1491 2343 in

319 2406 416 2470 eapse
442 2386 683 2449 occasiuncula.

402 2514 677 2595 perieratiunculo,
711 2509 814 2575 Stich.
839 2511 923 2579 2272
959 2510 1062 2574 Nemo
1096 2508 1248 2574 meliores
1272 2507 1366 2573 dabit
1399 2558 1406 2572 .
1442 2556 1449 2572 .
1485 2560 1490 2573 .

319 2615 619 2681 Perieratiunculas
643 2619 849 2702 parasiticae.

403 2735 598 2817 posticulum,
623 2731 713 2795 Trin.
735 2730 811 2799 194:
838 2730 1039 2795 Posticulum
1057 2731 1119 2795 huc
1134 2731 1269 2815 recepit,
1285 2749 1382 2810 quom
1399 2729 1492 2793 aedis

318 2836 482 2922 vendidit,
506 2838 585 2904 ibid.
611 2839 716 2907 1085:
740 2839 861 2903 Hicin
885 2838 947 2903 hoc
970 2838 1140 2924 posticulo.

403 2957 603 3040 pulvisculus,
628 2955 714 3025 Rud.
738 2954 819 3021 845:
844 2952 1024 3020 Oonrurret
1046 2955 1113 3017 iam
1136 2951 1190 3016 hie
1212 2973 1265 3015 me
1288 2955 1394 3016 tutum
1419 2969 1494 3013 cum

309 3059 513 3145 pulvisculo.
562 3062 655 3127 Truc.
677 3062 733 3132 19:
758 3062 809 3127 Ea
833 3061 1062 3147 (Phronesium
1079 3057 1248 3144 meretrix)
1273 3079 1309 3121 se
1325 3056 1494 3141 peperisse
1557 3053 1558 3132 l

320 3186 453 3250 puerum
478 3166 612 3232 simulat
635 3168 742 3249 militi,
780 3167 852 3242 Quo
877 3170 975 3232 citius
1011 3188 1078 3231 rem
1111 3164 1153 3229 ab
1188 3186 1226 3229 eu
1257 3168 1388 3227 arurrat
1419 3180 1494 3224 cum
1557 3159 1558 3162 ’

321 3272 514 3358 pulvisculo.
546 3272 626 3340 ibid.
644 3274 727 3341 5571
751 3273 874 3338 Metuit
897 3274 1109 3360 pulvisculus:
1133 3294 1216 3336 unus
1232 3268 1492 3334 mundissimust.

410 3392 594 3473 ratiuncula,
628 3386 721 3475 Oapt.
748 3390 828 3455 1922
864 3388 924 3454 Ibu
947 3391 1032 3452 intro
1057 3394 1156 3472 atque
1186 3390 1278 3450 intus
1309 3381 1492 3449 subducam

322 3496 550 3576 ratiunculam,
587 3495 791 3571 Quantillum
817 3497 947 3581 argenti
982 3497 1026 3558 mi
1061 3492 1149 3580 apud
1183 3493 1380 3577 tarpezitam
1417 3488 1490 3551 siet.

323 3601 414 3669 Cure.
430 3603 508 3671 371:
527 3602 650 3669 Beatus
667 3602 788 3683 videor,
802 3600 945 3667 subduxi
956 3599 1182 3666 ratiunculam.
1201 3600 1276 3668 Ter.
1289 3597 1419 3661 Phorm.
1433 3593 1496 3661 36:

323 3716 395 3777 erat
419 3712 448 3773 ei
473 3707 514 3773 de
538 3710 727 3775 ratiuncula
760 3710 836 3774 Jam
868 3706 994 3795 pridem
1024 3706 1110 3794 apud
1145 3729 1198 3771 me
1226 3704 1386 3769 relicuum
1417 3722 1499 3787 pau-

326 3816 477 3883 xillulum
500 3816 727 3882 Nummorum.

412 3934 567 4015 socruum,
592 3931 730 4017 Adelph.
756 3931 843 4000 576:
868 3932 929 3995 usu
952 3927 995 3995 ad
1019 3928 1104 3993 hane
1127 3949 1258 3992 manum
1284 3924 1451 3990 sacellum.

412 4042 582 4119 scintillula,
615 4039 703 4102 Trin.
728 4039 813 4105 492:
849 4038 905 4102 Sic
927 4034 1147 4105 Bitschelius:
1183 4032 1338 4099 Sitellum
1362 4028 1498 4108 animai,

325 4170 422 4235 quam
439 4166 535 4230 quum
553 4147 716 4232 extemplo
734 4148 963 4211 emisimus...
979 4141 1158 4210 adnotans:
1183 4138 1281 4205 valde
1298 4138 1498 4213 dubitanter,

326 4255 455 4344 quando
486 4252 611 4339 aliquid
641 4258 751 4317 tamen
775 4251 960 4338 ponendum
984 4254 1073 4333 erat;
1107 4246 1193 4332 quod
1216 4245 1363 4330 ,aliquid‘
1391 4242 1498 4307 uriu-
