3175 4984
586 341 827 409 -⁴<51>*-

113 533 266 599 tribunus
290 532 466 619 repuleris.
490 570 530 581 -
545 533 620 598 Ter.
645 532 776 598 Phorm.
802 534 885 601 665:
910 539 980 599 tum
1004 535 1154 621 pluscula
1177 535 1291 623 Supel-

111 641 223 706 leotile
249 662 330 726 opus
355 647 417 705 est.
464 640 510 705 Et
534 638 748 726 complusculi
772 642 862 704 rosis
885 640 1034 725 exempla
1058 647 1236 706 occurrunt
1256 644 1288 706 in

113 745 198 814 Rud.
228 747 288 811 131
315 752 348 809 et
373 745 449 813 Ter.
474 746 554 810 Hes.
582 746 656 811 177.

203 853 422 933 tardiusculus,
460 852 534 918 Ter.
564 852 686 919 Heaut.
718 852 799 918 515:
835 850 962 918 Cliniae
995 852 1053 917 ille
1085 874 1196 921 servos
1225 859 1291 919 tar·

25 1036 30 1043 ,
113 958 308 1024 diusoulust.

203 1065 423 1146 meliusculus,
461 1063 580 1132 Pseud.
616 1065 701 1132 221:
737 1070 796 1130 aut
827 1086 906 1130 num
935 1068 1005 1153 ipse
1037 1088 1098 1152 ego
1122 1066 1291 1153 pulmento

114 1179 190 1239 utor
215 1176 321 1257 magis
346 1171 580 1238 unotiuseulo‘l

205 1277 380 1344 Aooedunt
412 1276 578 1342 adieetira
608 1276 781 1361 quaedum,
811 1299 895 1364 quae
919 1277 1064 1360 offeram,
1093 1300 1292 1364 quamquem

115 1384 242 1464 dubito,
265 1405 345 1451 num
368 1386 435 1449 sint
458 1384 683 1467 deminutiva;
708 1383 913 1450 descendunt
936 1387 1073 1471 estirpe
1089 1407 1172 1471 gen.
1207 1384 1293 1451 Sunt

115 1494 205 1556 enim
228 1492 323 1556 haeo:

206 1582 351 1683 gerulus,
375 1596 496 1665 Baooh.
523 1600 631 1680 10033
654 1598 925 1681 muuerigerulus,
947 1595 1068 1663 Pseud.
1095 1600 1175 1681 1813
1199 1601 1292 1683 nugi-

114 1704 260 1789 gerulus,
295 1703 407 1771 Aulul.
433 1703 517 1785 5253
556 1702 791 1789 plagigerulus,
828 1703 927 1769 Most.
952 1704 1027 1785 861,
1062 1702 1183 1772 Pseud.
1210 1704 1293 1786 1533

116 1810 366 1897 salutigerulos,
401 1808 515 1876 Aulul.
540 1810 625 1892 5023
662 1807 936 1894 sandaligerulus‚
961 1809 1049 1873 Trin.
1075 1808 1157 1893 2523
1193 1812 1293 1876 souti·

114 1918 261 2003 gerulus,
287 1914 360 1981 Cas.
385 1915 467 1998 262;
501 1920 534 1979 et
562 1937 582 1979 a
606 1917 707 2001 stirpe
730 1915 787 2000 fig·
811 1913 1049 2001 gerulifigulos,
1072 1914 1193 1981 Buooh.
1218 1917 1293 1983 381.

131 2094 163 2161 9.
187 2092 364 2157 Accedunt
387 2092 544 2157 adverbis
568 2091 803 2157 deminutionis
825 2092 1056 2157 formationem
1079 2092 1278 2178 praebentia

493 2198 604 2282 qualia
626 2204 706 2263 sunt
729 2196 909 2263 afferenda:

207 2339 443 2427 aliquantulum,
478 2339 581 2404 Mero.
600 2339 679 2404 640:
697 2338 870 2424 subnigris
887 2337 1001 2422 oeulis,
1018 2337 1169 2423 oblongis
1185 2335 1293 2421 molis,

118 2467 258 2532 pensem
283 2445 534 2530 aliquantulum.
583 2446 657 2511 Ter.
683 2446 815 2513 Phorm.
840 2443 924 2510 655:
951 2443 1015 2509 Sed
1038 2445 1081 2508 mi
1107 2466 1188 2531 opus
1212 2452 1294 2530 eret,

116 2556 156 2616 ut
179 2557 294 2637 aperte
319 2550 382 2615 tibi
405 2572 492 2615 nuno
515 2550 654 2635 fabuler,
679 2551 930 2637 Aliquantulum
955 2571 1040 2635 quse
1064 2550 1220 2616 adferret.

208 2658 294 2738 belle,
340 2658 434 2725 Asin.
459 2658 542 2725 6761
577 2658 733 2738 Eisone,
763 2658 863 2743 belle,
887 2657 986 2723 belle.
1033 2657 1107 2725 (las.
1132 2659 1214 2725 851:
1249 2660 1296 2727 At

117 2764 208 2847 mihi,
233 2767 289 2849 qui
312 2764 400 2829 belle
423 2765 508 2831 hane
532 2769 649 2844 traeto,
675 2787 739 2829 non
764 2765 889 2829 vallum
912 2765 1003 2831 iuuit.

209 2870 329 2953 bellule,
353 2870 422 2935 Ino.
446 2869 512 2933 fab.
537 2871 598 2955 frg.
623 2870 686 2933 VI:
711 2869 843 2935 bellule.

209 2975 395 3056 clanculum,
432 2975 528 3051 Quod
558 2980 701 3041 ooourrit
729 2978 861 3061 saepius
892 2976 1089 3042 vocabulum
1124 2980 1158 3041 in
1182 2978 1296 3045 Plauti

117 3080 242 3147 subulis
284 3103 383 3166 quem
423 3084 508 3147 olem
547 3085 759 3169 primitivum.
817 3082 937 3168 Amph.
981 3080 1064 3152 523:
1100 3083 1295 3151 Olanoulum

117 3210 234 3255 omnes
262 3187 333 3252 abii
361 3211 382 3253 a
417 3187 558 3275 legione.
606 3191 700 3256 Asin.
725 3190 805 3255 881:
841 3190 1053 3268 Auouuemus
1088 3213 1129 3256 ex
1163 3191 1297 3256 insidiis

121 3293 307 3360 olanoulum
333 3315 431 3379 quem
456 3318 524 3361 rem
548 3302 676 3381 gerant.
722 3296 841 3361 Beooh.
867 3297 946 3361 317:
971 3295 1057 3371 Quia
1071 3297 1296 3363 Mnesilochus

119 3406 221 3465 noetu
256 3400 442 3467 clanculum
475 3400 620 3466 Devenit
654 3400 698 3467 ad
731 3402 950 3467 Theotimum.
999 3402 1073 3467 Ter.
1098 3403 1181 3469 Eun.
1213 3405 1296 3472 411:

118 3505 275 3571 Invidere
310 3529 424 3571 omnes
458 3508 547 3589 mihi,
584 3507 734 3573 Mordere
769 3507 971 3573 clanculum:
1008 3529 1070 3593 ego
1104 3531 1170 3574 non
1201 3508 1298 3575 floooi
1370 3592 1372 3596 .

119 3611 279 3699 pendere.
307 3612 433 3698 (Aliter
449 3612 490 3678 de
513 3614 575 3679 hoe
599 3612 760 3680 voeabulo
783 3612 912 3678 iudioet
936 3612 1120 3679 Stowasser
1143 3614 1294 3680 Woelffl.

119 3717 221 3788 Aroh.
245 3718 305 3799 VI,
329 3717 421 3805 563.)
1147 3809 1150 3811 v

211 3829 435 3893 commodulum
464 3830 498 3889 et
527 3824 740 3907 commodule,
768 3826 841 3894 Mil.
866 3826 950 3891 750:
983 3824 1020 3890 Si
1044 3831 1203 3892 certumst
1225 3826 1298 3910 tibi,

118 3928 371 3995 commodulum
387 3931 522 3996 obsone.
556 3930 641 3997 Rud.
657 3932 739 3997 468:
765 3930 978 3997 Commodule
1002 3932 1138 3998 melli's:
1162 3931 1298 3998 tandem

118 4057 200 4109 rero
225 4040 319 4108 serio.

212 4146 412 4227 frustillum,
446 4143 539 4210 (lure.
565 4144 648 4210 576:
671 4144 746 4209 Nisi
769 4147 815 4209 mi
838 4147 931 4232 virgo
954 4143 1113 4223 redditur,
1136 4142 1213 4209 Jam
1237 4166 1298 4231 ego

118 4255 155 4315 te
178 4248 300 4315 fusium
323 4256 361 4314 ut
384 4248 438 4315 hio
463 4252 618 4316 lormioee
642 4250 846 4316 frustillatim
870 4249 1032 4317 differunt.
