3175 4984
789 299 1028 368 «lem-

893 490 925 555 b.

411 632 559 707 aedicula,
583 628 713 695 kleines
737 629 908 696 Gemach.·
944 631 1042 720 Epid.
1067 636 1156 700 402(

410 740 557 823 ampulla,
573 734 686 801 kleine
702 735 855 806 Flasohe.
878 738 980 811 Mero.
993 740 1074 818 9273
1091 742 1183 807 Pers.
1201 743 1276 829 124;
1294 743 1397 811 Stich.
1416 747 1492 815 228.

410 846 556 927 auyuilla,
586 842 662 909 Aal.
698 842 819 908 Pseud.
845 845 919 927 747,
951 848 1016 915 inc.
1040 848 1106 916 lali.
1129 847 1191 936 lrg.
1213 850 1309 917 XXI.
1356 852 1493 918 Prover-

321 950 410 1016 bium
440 954 473 1014 in
500 949 662 1016 Pseudolo
696 957 826 1016 exstat:
863 952 1026 1038 Anguilla
1050 960 1110 1038 est,
1147 954 1297 1040 elabitur,
1333 958 1418 1043 quod
1453 959 1492 1024 de

320 1057 451 1122 homine
477 1056 596 1122 callido
622 1056 752 1125 dicitur.

409 1169 531 1248 anulus,
555 1164 652 1251 Ring.
699 1164 822 1229 Bacch.
847 1165 910 1229 327
936 1187 1035 1253 saepe
1060 1173 1094 1233 et
1117 1168 1273 1234 anulatus
1297 1170 1399 1241 Poen.
1416 1172 1491 1238 981.

321 1270 524 1337 descendunt
547 1271 590 1337 ab
614 1291 706 1351 anus,
731 1270 840 1355 Kreis,
865 1269 984 1336 deinde
1008 1273 1171 1361 Fussring
1193 1274 1296 1363 (Men.
1314 1276 1384 1363 85.)
1407 1276 1493 1343 unde

320 1376 557 1443 deminutivum
581 1376 707 1459 anulus,
733 1375 905 1459 δακτύλιος,
931 1381 986 1463 qui
1012 1400 1143 1444 manum
1168 1388 1272 1446 ornat.

409 1487 528 1568 arcula,
551 1483 751 1555 Kaestchen.
797 1483 895 1549 Most.
920 1484 985 1549 238
1010 1493 1044 1551 et
1065 1486 1262 1576 amularius,
1284 1491 1341 1573 qui
1365 1510 1422 1554 eas
1446 1492 1493 1554 fa·

318 1591 466 1657 brioatur
488 1589 563 1655 Aul.
588 1590 653 1655 519
678 1591 720 1656 ab
744 1610 822 1655 arca
844 1611 935 1656 voce.

407 1700 539 1781 armilla,
564 1698 781 1781 Armspange,
805 1696 891 1761 Men.
917 1698 992 1763 536.
1042 1697 1218 1765 descendit
1237 1701 1278 1764 ab
1311 1722 1422 1766 armus
1456 1708 1494 1767 ut

318 1806 406 1887 bras,
430 1803 587 1884 bracelet,
612 1800 764 1882 δάκτυλος
787 1802 961 1890 laxrc'leaS,
985 1815 1113 1874 mutato
1137 1816 1248 1875 tamen
1273 1833 1404 1897 genere.

407 1912 564 1992 articulat,
589 1906 927 1992 GelenkMen.140;
952 1913 1164 1977 articulatim.
1189 1915 1285 2002 Epid.
1300 1918 1375 1982 488.
1401 1916 1493 1982 (lors-

318 2018 427 2081 senius
452 2016 553 2103 (Krit.
577 2014 683 2079 Beitr.
708 2038 737 2101 p.
763 2015 842 2101 349)
866 2016 928 2081 hoc
951 2018 1146 2083 vocabulum
1169 2021 1211 2084 ab
1235 2022 1334 2085 artire
1359 2045 1421 2085 non
1448 2022 1490 2087 ab

318 2129 410 2187 artus
433 2120 630 2187 descendere
654 2126 759 2208 putat,
792 2125 842 2187 ita
866 2129 904 2187 ut
926 2126 1084 2189 articulus
1113 2130 1203 2189 esset
1225 2128 1490 2211 instrumentum,

318 2251 381 2315 quo
404 2232 583 2315 iungantur
606 2230 692 2292 inter
715 2250 751 2293 se
774 2251 860 2295 ossa.

407 2333 552 2421 assula,¹)
577 2332 698 2420 spatha,
731 2334 871 2422 Splitter
898 2340 933 2401 et
956 2338 1129 2402 assulatim
1152 2338 1251 2406 Mero.
1277 2340 1357 2422 1293
1393 2340 1487 2428 Oapt.

244 2473 247 2478 ·
317 2442 397 2527 832;
431 2442 519 2509 Men.
544 2440 618 2507 859.
665 2441 804 2507 Praeter
835 2444 948 2508 assula
971 2465 1082 2509 rocem
1112 2467 1133 2509 a
1156 2443 1301 2511 Senecae
1331 2453 1365 2512 et
1388 2447 1489 2512 Plinii

316 2546 519 2634 temporibus
551 2545 662 2611 astula
694 2553 727 2612 et
756 2546 892 2612 hastula
923 2554 1100 2613 occurrunt
1123 2552 1171 2637 (in
1196 2550 1319 2616 catulli
1344 2557 1489 2618 carmine

315 2653 429 2736 XVII,
451 2675 483 2719 v.
508 2654 538 2717 3.
564 2652 695 2739 arulis).
741 2652 786 2718 Et
809 2653 971 2719 assiculus
987 2675 1117 2741 semper
1134 2678 1167 2720 se
1183 2656 1303 2721 litteris
1320 2660 1487 2742 scribitur,

316 2765 434 2826 contra
457 2760 662 2846 primitivum
685 2761 779 2841 assis,
804 2759 920 2841 Bchle,
944 2760 1133 2848 plerumque
1156 2785 1177 2826 x
1200 2760 1354 2848 (primum
1379 2786 1487 2829 exem-

315 2867 405 2954 plum
422 2866 545 2932 (laesor
561 2868 593 2933 b.
611 2889 638 2932 o.
655 2866 698 2951 11,
722 2865 753 2947 9,
779 2867 800 2933 2
822 2867 983 2953 praebet).
1008 2868 1129 2935 Festus
1146 2871 1277 2933 omnino
1294 2873 1376 2952 axis,
1400 2870 1487 2937 idem

315 2995 428 3038 omnes
451 2974 518 3039 lere
542 2974 673 3039 codices
698 2971 850 3038 Caesaris
875 2996 1011 3060 operum
1034 2981 1169 3061 ponunt.
1215 2976 1254 3041 In
1282 2976 1429 3042 Vitruvii
1453 2985 1489 3042 et

314 3079 416 3144 Plinii
440 3079 532 3143 libris
557 3078 676 3143 deinde
700 3100 851 3162 coaxare,
881 3085 1032 3146 coaxatio
1057 3088 1189 3148 exstant
1211 3104 1318 3153 voces.
1365 3083 1488 3148 Assula

315 3187 446 3251 omnino
470 3188 599 3272 generis
623 3185 783 3271 feminini,
808 3187 971 3251 ensiculus
993 3194 1028 3251 et
1043 3188 1178 3276 ase(x)ie
1194 3189 1383 3274 plerumque
1399 3210 1485 3253 mas·

315 3291 418 3357 culini
441 3297 518 3355 sunt
533 3293 686 3378 (excepto
705 3290 849 3356 Palladii
863 3292 936 3357 loco
954 3293 982 3362 I.
1001 3293 1031 3375 9,
1047 3293 1095 3379 2).
1121 3315 1153 3357 ss
1168 3294 1299 3359 litteras
1314 3297 1348 3358 in
1365 3294 1487 3376 assula,

314 3397 476 3463 assiculus
492 3420 556 3462 non
575 3420 612 3463 eo
630 3397 858 3463 tantummodo
875 3396 1084 3465 confirmatur
1099 3403 1277 3466 veteriores
1295 3422 1368 3466 esee
1385 3422 1483 3486 quam

313 3528 344 3588 x,
368 3503 455 3589 quod
479 3502 591 3569 ansula
614 3504 701 3592 apud
718 3504 883 3586 Plautum,
907 3508 979 3570 axis
1002 3513 1114 3572 autem
1138 3504 1222 3587 aprrd
1239 3505 1413 3573 Gaesarem
1431 3507 1485 3571 de-

313 3633 402 3676 mum
424 3614 591 3676 invenitur
615 3614 703 3692 (nam
726 3633 759 3676 ss
784 3632 825 3676 ex
846 3634 869 3676 x
891 3612 1014 3677 fectum
1037 3634 1109 3679 esse
1130 3615 1235 3702 accipi
1268 3636 1333 3679 non
1364 3620 1485 3699 potest,

313 3738 510 3802 quamquam
535 3728 569 3783 et
585 3720 704 3784 cossim
728 3721 852 3806 (prisea
867 3718 1049 3807 latinitate)
1074 3726 1108 3785 et
1124 3720 1284 3785 coxendix
1301 3719 1484 3806 dicebant),

314 3823 372 3889 sed
396 3846 434 3889 eo
459 3827 571 3903 etiam,
596 3824 683 3909 quod
699 3825 812 3891 assula
828 3827 1003 3891 manifesta
1020 3830 1214 3910 cognatione
1238 3828 1414 3892 coniuncta
1434 3835 1486 3892 est

312 3932 388 3995 voci
410 3952 501 3996 asser
523 3929 656 4015 Stange,
690 3932 802 3999 Latte.
850 3929 931 3996 (lum
962 3932 1076 3997 assula
1105 3930 1302 3999 vocabulum
1333 3934 1367 3997 in
1391 3932 1485 3997 libris

403 4141 424 4211 ¹)
449 4142 526 4196 Hane
539 4140 744 4213 disputationem
760 4142 878 4196 comitati
890 4143 1067 4215 praeceptoris
1080 4144 1217 4214 carissimi,
1235 4144 1262 4200 J.
1269 4142 1484 4213 Wackernagelii

313 4229 404 4299 debeo,
424 4248 502 4301 quem
520 4231 666 4286 liberaliter
684 4232 749 4285 mihi
768 4232 897 4303 permisit.
