3175 4984
591 350 831 419 «owe

210 546 320 627 catillo,
357 541 432 610 cas.
469 543 553 612 5523
588 564 720 631 operam
744 546 853 609 uxoris
879 543 1038 630 polliceor
1070 545 1159 610 foras
1192 543 1294 620 Quasi

114 650 316 718 catillatum.

211 760 335 838 00051110,
370 742 498 822 Phorm.
528 756 610 824 9753
634 756 734 821 Η1000
764 778 825 841 ego
854 755 946 821 illam
970 757 1068 821 dictis
1091 759 1141 821 ita
1162 756 1226 822 tibi
1248 759 1296 822 in·

115 885 254 929 censam
278 862 375 947 1050,
399 863 448 929 Ut
470 885 510 927 ne
534 865 732 949 restinguas,
755 862 912 929 lacrumis
935 866 962 929 si
988 864 1216 932 exstillaveris.

207 972 344 1052 fmoillo,
368 970 489 1035 Pseud.
515 971 594 1035 631:
619 970 690 1035 Vae
714 969 786 1035 tibi.
817 977 854 1035 tu
883 970 1047 1036 inventu’s
1078 992 1165 1051 vero,
1186 991 1293 1035 meam

114 1078 177 1161 qui
199 1076 345 1142 furcillcs
369 1075 478 1141 fidem.

209 1187 323 1269 lupulo,
358 1182 462 1249 Stich.
479 1183 561 1251 5813
585 1182 639 1248 150
663 1186 707 1247 mi
731 1189 885 1250 auctores
909 1183 1009 1263 luere,
1034 1190 1072 1249 ut
1095 1188 1227 1270 egomet
1242 1203 1294 1247 me

115 1288 217 1355 hodie
240 1290 425 1375 iugularem
449 1290 549 1355 fame.
598 1290 672 1355 Ter.
691 1290 774 1359 Eun.
797 1291 879 1358 417:
902 1312 1019 1377 00000,
1041 1289 1215 1377 Iugularas
1236 1289 1293 1354 ho-

117 1397 250 1460 minem.
297 1395 439 1482 Adelph.
464 1396 545 1465 958:
570 1395 636 1462 Suo
661 1396 726 1461 sibi
750 1396 861 1482 gladio
885 1397 972 1462 hunc
995 1396 1118 1484 iugulo.
1248 1458 1251 1462 ,

208 1506 373 1584 0010050010,
390 1501 484 1589 Elpid.
506 1503 582 1567 132:
608 1501 694 1587 quod
710 1509 747 1568 tu
763 1502 929 1568 mandasti
944 1504 1025 1567 mihi
1041 1504 1292 1589 Inpetratumst.

115 1615 233 1696 empta
255 1608 418 1691 ancillast,
442 1607 528 1696 quod
551 1596 627 1675 tute
648 1609 691 1674 ad
714 1632 766 1675 me
790 1612 920 1675 litteras
944 1609 1188 1677 Missiculabas.

208 1720 411 1798 murmurillo,
445 1716 514 1781 Ino.
546 1716 610 1781 fab.
644 1716 706 1801 frg.
731 1715 866 1780 XLVII
889 1715 1037 1803 (Winter
1059 1741 1090 1804 p.
1116 1715 1187 1804 73):
1216 1716 1293 1802 quid

117 1821 343 1886 murmurillas
367 1830 477 1887 tecum
502 1829 536 1888 05
559 1829 592 1887 50
617 1821 821 1887 discrucias?

211 1926 327 2008 occillo,
363 1928 482 2014 Amph.
515 1930 593 1996 183:
628 1930 678 1994 Ne
710 1928 757 1993 illi
782 1928 847 2016 (di)
878 1927 996 2016 edepol
1014 1981 1021 1995 .
1039 1978 1047 1996 .
1064 1978 1099 1998 ..
1138 1930 1292 2015 Aliquem

115 2033 283 2098 hominem
302 2034 459 2120 adlegent
475 2039 530 2119 qui
548 2036 629 2100 mihi
645 2035 837 2101 advenienti
853 2059 888 2101 os
904 2036 1038 2103 occillet
1052 2036 1292 2123 probe-Du·

118 2139 222 2205 bitari
245 2148 357 2226 potest
380 2164 458 2206 num
482 2142 606 2207 habeat
628 2142 763 2207 verbum
781 2145 946 2208 notionem
963 2142 1216 2225 deminutivam3
1241 2148 1291 2207 at·

115 2268 182 2331 qus
206 2246 286 2312 mihi
310 2248 442 2333 quidem
466 2248 508 2313 05
533 2271 611 2315 0000
642 2248 907 2335 „aufgegrabeno
930 2248 1016 2313 Erde
1040 2248 1130 2312 klein
1154 2249 1290 2315 machon

117 2351 187 2416 und
211 2354 335 2419 ebnen“
362 2353 574 2419 derivandum
599 2354 747 2434 videtum
778 2355 933 2420 occillare
962 2357 1065 2440 igitur
1091 2356 1201 2420 ioooss
1224 2353 1292 2421 dio·

114 2460 300 2525 tumidam
324 2460 598 2547 significatquod
622 2460 711 2526 Men.
737 2461 819 2526 859:
848 2460 933 2526 Ossa
964 2460 1021 2525 fini
1053 2460 1214 2527 dedolabo
1239 2483 1291 2527 as-

115 2564 252 2631 sulatim
277 2571 415 2639 viscera.

204 2678 399 2760 ponderator,
434 2674 521 2739 Men.
555 2676 635 2743 834:
679 2674 725 2740 Ut
760 2674 974 2763 pandiculans
1009 2678 1179 2742 oscitstur.
1212 2675 1290 2760 quid

116 2797 204 2844 nuno
227 2781 359 2862 faciam,
383 2782 429 2845 mi
450 2780 570 2866 pater?
609 2830 611 2837 ,
670 2832 672 2839 ,

207 2886 385 2950 Praeterea
420 2892 570 2954 exstant:
607 2887 820 2973 congenioulo
853 2886 980 2951 Novius
1008 2888 1070 2969 813
1106 2886 1322 2966 000105011ος

113 2988 237 3055 Labor.
253 2992 289 3070 23
316 2990 729 3078 000000151110005011.25,
747 2995 802 3077 11;
825 2992 1005 3058 0501010500
1023 2993 1143 3058 Labor.
1157 2993 1217 3077 523
1239 2994 1289 3059 fa·

112 3094 205 3161 bello
229 3097 343 3161 Afran.
367 3097 450 3178 405;
475 3098 731 3165 05005011οΙ00.
755 3100 904 3172 100105.
921 3101 981 3187 733
1004 3098 1207 3173 ἐξαπατύλλω
1229 3100 1288 3169 Ar.

113 3201 200 3270 Ach.
226 3203 300 3269 657.

216 3312 349 3392 Restat,
382 3318 419 3377 ut
452 3314 667 3401 investigem,
707 3314 792 3400 quod
823 3337 875 3380 me
909 3316 1016 3381 lacere
1044 3317 1201 3402 temporis
1231 3336 1290 3382 an·

111 3418 246 3503 gustiae
270 3418 516 3505 prohibuerunt,
551 3443 627 3485 num
659 3421 842 3487 diverbium
874 3428 908 3488 et
938 3425 1114 3502 0005100000,
1148 3442 1290 3507 numque

113 3523 267 3609 singulae
290 3547 452 3612 personae
468 3547 530 3592 usu
547 3526 823 3594 deminutivorum
839 3531 926 3593 inter
942 3550 978 3607 se
996 3526 1157 3596 differant.
1182 3527 1287 3614 Spero

111 3632 328 3712 tamensem,
361 3641 397 3697 ut
429 3640 488 3699 aut
518 3634 567 3702 ali,
593 3642 652 3700 aut
674 3636 754 3699 mihi
778 3636 829 3699 his
854 3634 894 3699 de
918 3633 1016 3699 rebus
1039 3643 1156 3720 postea
1189 3656 1288 3723 cgere

113 3739 300 3825 contingat.
