3175 4984
573 276 814 389 aas*

107 517 246 584 masculo
282 520 316 580 et
348 516 465 589 semina
499 517 587 581 inter
624 536 659 579 se
695 514 865 580 coartatis.
919 512 993 578 Huc
1027 512 1159 579 accedit
1193 514 1286 581 locus

109 623 269 688 Varronis
293 643 389 706 quom
413 623 540 688 Nonius
564 620 741 687 Marcellus
764 620 783 684 Ι
805 643 836 706 p.
861 619 926 686 204
958 618 1011 683 his
1041 619 1148 684 verbis
1171 620 1285 687 affert:

108 729 290 794 masculum
313 751 371 814 pro
395 729 472 795 forti
495 750 536 793 ac
552 727 747 793 vehementi.
788 722 997 795 Varra²0vos
1012 724 1127 809 lc'pas:
1151 730 1180 791 si
1198 726 1284 816 [non]

109 834 183 921 plus
199 835 427 899 testiculorum
445 833 618 912 offenderis
633 854 730 918 quarn
746 835 782 895 in
799 837 945 896 castrato
961 854 1076 917 pecore
1097 836 1134 896 in
1148 831 1285 920 Apulia,

108 944 220 1006 vincor
243 964 307 1006 non
333 940 428 1005 desse
450 944 623 1007 masculum
647 937 687 1004 ad
712 961 778 1004 rem
797 942 941 1024 vigorem
965 938 1021 1026 (cf.
1038 938 1285 1026 Menippearum

108 1050 268 1114 Varronis
292 1048 448 1132 reliquias
471 1050 532 1132 frg.
557 1047 622 1114 369
646 1046 886 1112 aBuechelero
910 1043 1047 1130 editas.)
1082 1045 1172 1121 Quos
1196 1045 1286 1111 locos

109 1158 138 1221 si
162 1159 248 1220 inter
273 1176 308 1219 se
333 1175 572 1241 comparamus,
606 1174 765 1239 apparere
788 1151 928 1234 ridetur,
961 1152 1047 1216 bunc
1077 1174 1173 1217 usum
1196 1154 1286 1219 vocis

107 1250 387 1347 hypocoristicum
407 1263 566 1325 sermonis
581 1258 756 1325 cottidiani
771 1261 939 1345 proprium
962 1260 1073 1339 fuisse,
1099 1257 1184 1324 unde
1202 1258 1287 1324 Var-

108 1390 231 1449 ronem,
256 1369 443 1435 Vitruvium
466 1369 580 1452 multa,
610 1370 741 1433 Livium
765 1391 872 1454 pauca
896 1368 1119 1455 adsumpsisse
1144 1375 1285 1436 constat.

199 1476 307 1542 Aliter
330 1475 542 1541 iudicandum
567 1481 617 1540 est
641 1475 680 1540 de
705 1497 766 1539 usu
797 1475 950 1539 vocabuli
972 1476 1141 1560 masculus,
1177 1476 1285 1560 qualis

109 1579 185 1644 inde
210 1581 252 1645 ab
276 1581 422 1666 Augusti
447 1589 557 1647 aetate
581 1581 669 1667 apud
692 1588 809 1667 poetas
833 1580 971 1647 obtinet.
1012 1580 1077 1655 Qui
1101 1602 1175 1645 cum
1198 1580 1285 1646 hanc

109 1689 278 1752 notionem
303 1689 404 1752 etiam
428 1689 469 1750 iis
493 1687 590 1751 rebus
614 1685 771 1751 adhibere
797 1693 964 1772 cuperent,
987 1707 1071 1772 quae
1095 1686 1284 1751 nominibus

109 1794 276 1857 femininis
299 1799 333 1857 ct
356 1792 565 1857 neutralibus
590 1792 815 1879 designantur,
846 1792 1042 1858 vocabulum
1074 1799 1185 1858 autem
1219 1814 1286 1860 mcc

110 1897 339 1965 tantummodo
364 1899 537 1964 masculini
560 1902 690 1985 generis
716 1907 813 1984 esset,
837 1897 1037 1965 adiectivum
1053 1900 1212 1968 masculus
1229 1899 1287 1965 ad·

110 2013 321 2092 sumpserunt
345 2011 379 2071 ct
402 2005 464 2071 hoc
491 2006 680 2072 nominibus
711 2007 878 2072 femininis
910 2014 944 2071 et
968 2005 1185 2087 neutralibus,
1218 2030 1287 2073 mas

110 2133 187 2178 vero
211 2112 402 2178 masculinis
427 2112 664 2197 adiungebant.
704 2114 762 2178 Ita
789 2136 858 2179 mor
882 2116 1048 2177 invenitur
1069 2113 1154 2199 apud
1178 2113 1286 2180 Plaut.

110 2220 212 2285 Poen.
225 2220 328 2284 1311:
352 2242 455 2286 morea
470 2219 633 2301 homines3
651 2219 730 2286 Hor.
747 2219 817 2286 Sat.
835 2219 923 2301 11‚4‚
937 2220 995 2287 14:
1014 2240 1154 2304 namque
1170 2242 1288 2287 marera

112 2325 244 2392 cohibet
268 2324 393 2389 callosa
417 2325 585 2407 vitellum3
620 2325 727 2411 Epist.
751 2325 780 2406 I,
808 2328 835 2405 1,
861 2326 920 2389 64:
945 2325 1076 2403 Roscia,
1101 2324 1156 2389 dio
1179 2323 1287 2408 sodeS,

108 2431 224 2495 melior
246 2431 301 2494 lex
317 2451 359 2494 an
375 2436 581 2516 puerorumst
598 2434 705 2511 nenia,
731 2452 815 2516 quae
831 2453 965 2516 regnum
983 2437 1069 2497 recto
1086 2432 1283 2498 facientibus

110 2535 215 2619 offert,
241 2542 275 2601 et
297 2540 437 2604 mombar
453 2535 560 2603 Curiis
575 2541 610 2602 et
627 2537 805 2602 decantata
822 2538 983 2623 Camillis,
1007 2539 1071 2603 Ars
1094 2544 1183 2627 poet.
1207 2540 1286 2604 402:

111 2644 274 2708 Homerus
300 2644 529 2729 Tyrtaeusque
552 2650 650 2713 maris
674 2647 802 2709 animos
825 2648 858 2709 in
874 2645 997 2711 Martia
1019 2645 1110 2710 bella
1133 2645 1286 2711 versibus

111 2752 253 2817 exacuit.
301 2749 398 2816 Ovid.
422 2751 515 2816 Fast.
539 2751 599 2833 IV,
627 2755 699 2819 101.
747 2751 830 2817 Cum
853 2774 941 2820 more
969 2761 1043 2816 trux
1074 2754 1159 2816 aries
1190 2774 1288 2817 cornu

110 2856 271 2922 decertat.
322 2858 408 2922 Pers.
434 2859 464 2936 6,
488 2858 526 2921 4:
551 2864 651 2941 atque
674 2878 792 2925 marem
815 2860 989 2943 strepitum
1011 2856 1086 2920 fidis
1104 2856 1287 2922 intendisse

110 2965 243 3030 latinae.
290 2963 413 3029 Contra
442 2966 600 3032 musculus
628 2987 690 3029 vox
716 2970 846 3031 exstat:
870 2966 968 3051 Verg.
987 2966 1056 3032 sol.
1076 2966 1108 3048 8,
1133 2968 1192 3032 65:
1217 2988 1288 3029 rer-

109 3070 214 3135 benas
238 3070 334 3135 adole
358 3072 487 3156 pinguis
513 3079 547 3136 et
568 3075 707 3139 mascula
729 3077 815 3153 tura,
848 3072 928 3139 Hor.
952 3071 1057 3158 Epod.
1081 3071 1112 3152 5,
1137 3072 1200 3135 41:
1224 3094 1288 3137 non

111 3177 253 3242 defuisse
286 3181 442 3245 marmur
473 3175 622 3242 libidinis
654 3177 899 3244 Ariminensem
933 3179 1072 3244 Foliam.
1129 3176 1190 3247 Od.
1215 3178 1285 3261 III,

110 3287 141 3367 6,
159 3286 216 3349 37:
241 3284 307 3350 Sed
324 3288 522 3351 rusticorum
539 3286 676 3354 mascula
694 3284 836 3350 militum
851 3283 968 3370 proles,
984 3285 1089 3371 Epist.
1106 3285 1134 3363 1,
1157 3283 1206 3365 19,
1223 3285 1286 3350 28:

110 3398 277 3476 temperat
292 3391 484 3456 Archilochi
497 3413 622 3457 musam
640 3391 723 3478 pede
739 3395 879 3459 masnila
894 3390 1034 3477 Sappho.
1060 3389 1155 3455 Ovid.
1173 3390 1287 3456 medic.

109 3499 173 3564 fac.
186 3497 247 3565 94:
274 3496 420 3583 Cumque
446 3501 661 3564 Ammoniaco
686 3500 824 3567 marcado
847 3504 923 3563 tura
946 3497 1025 3563 sale.
1049 3497 1190 3577 Persb,
1211 3497 1287 3565 144:

111 3602 221 3669 calido
245 3604 306 3668 sub
331 3610 461 3690 pectore
484 3606 627 3672 mascula
642 3605 719 3670 bilis
734 3605 909 3672 Intumuit.
949 3605 1034 3670 Plin.
1050 3603 1137 3684 XII,
1157 3606 1208 3685 14,
1224 3604 1287 3668 32:

112 3709 208 3785 Quod
231 3733 271 3774 ex
296 3732 334 3775 eo
358 3709 561 3775 rotunditate
586 3719 701 3795 guttae
726 3710 894 3799 pependit,
926 3711 1099 3779 mmmtam
1122 3732 1286 3794 vocamus,

110 3840 182 3883 cum
207 3819 290 3884 alias
315 3842 379 3885 non
403 3821 471 3884 fere
495 3842 564 3884 mas
587 3827 736 3903 vocetur,
758 3819 816 3885 ubi
839 3842 905 3884 non
928 3824 972 3886 sit
993 3821 1118 3886 {emina
1131 3820 1287 3906 religioni

110 3926 272 3990 tributum
295 3948 335 3991 ne
359 3948 455 3991 sexus
479 3926 564 3991 alter
586 3933 810 4012 usurparetur.
847 3926 1033 3993 Masculum
1050 3928 1152 4011 aliqui
1167 3931 1287 4011 putant

110 4052 129 4095 a
155 4034 264 4116 specie
288 4034 422 4096 testium
447 4030 582 4101 dictum.
615 4032 713 4099 Mart.
730 4032 792 4115 XI,
811 4033 864 4114 43,
883 4035 941 4100 11:
969 4034 1072 4097 Parce
1095 4034 1162 4096 tuis
1186 4034 1289 4117 igitur

110 4138 189 4202 dare
206 4137 348 4203 mascula
364 4141 496 4203 nomina
512 4139 620 4219 rebus,
642 4138 722 4206 ibid.
740 4138 834 4219 XIV,
852 4140 905 4219 88,
923 4140 958 4204 2:
983 4138 1174 4203 Femineam
1192 4138 1287 4203 nobis

111 4243 247 4309 cherson
264 4246 293 4307 si
307 4244 412 4309 credis
430 4247 535 4310 inesse
549 4246 738 4332 Deciperis:
755 4245 868 4333 pelagi
879 4245 1151 4331 moscalcpraeda
1163 4266 1286 4313 sumus.
